type,time,id,side,size,price,cancSize,execSize,oldId,oldSize,oldPrice
E,0 days 09:06:19.513860480,144162,1,895.0,291.06,,5.0,,,
E,0 days 09:06:21.006046197,144162,1,95.0,291.06,,800.0,,,
E,0 days 09:08:05.805069790,146102,0,2960.0,291.02,,40.0,,,
E,0 days 09:08:05.805106096,146102,0,60.0,291.02,,2900.0,,,
E,0 days 09:08:05.805106096,146102,0,0.0,291.02,,60.0,,,
E,0 days 09:08:05.805106096,146209,0,60.0,291.02,,40.0,,,
E,0 days 09:08:05.806061650,146209,0,0.0,291.02,,60.0,,,
E,0 days 09:09:23.979738325,153704,0,0.0,290.97,,500.0,,,
E,0 days 09:09:23.979738325,153705,0,0.0,290.97,,500.0,,,
E,0 days 09:09:23.979738325,153769,0,0.0,290.97,,500.0,,,
E,0 days 09:09:23.979921697,153703,0,0.0,290.96,,500.0,,,
E,0 days 09:09:23.979921697,153708,0,0.0,290.96,,500.0,,,
E,0 days 09:09:23.981338264,150139,0,0.0,290.94,,100.0,,,
E,0 days 09:09:29.749811822,143604,0,0.0,290.91,,500.0,,,
E,0 days 09:11:40.775086564,157495,1,0.0,290.94,,3000.0,,,
E,0 days 09:11:40.775086564,158395,1,0.0,290.94,,100.0,,,
E,0 days 09:12:08.639903798,161634,0,0.0,290.92,,100.0,,,
E,0 days 09:15:33.653282173,172575,1,0.0,290.91,,500.0,,,
E,0 days 09:15:33.653282173,172576,1,0.0,290.91,,500.0,,,
E,0 days 09:18:09.946989008,181076,0,2900.0,290.9,,100.0,,,
E,0 days 09:18:09.946989008,181076,0,2800.0,290.9,,100.0,,,
E,0 days 09:18:12.877695795,181419,1,0.0,290.93,,3000.0,,,
E,0 days 09:21:41.649644160,194911,0,0.0,290.9,,500.0,,,
E,0 days 09:21:41.649644160,195312,0,0.0,290.9,,500.0,,,
E,0 days 09:21:41.649802918,194015,0,0.0,290.89,,500.0,,,
E,0 days 09:21:49.909809402,195917,0,0.0,290.87,,500.0,,,
E,0 days 09:21:49.909809402,195918,0,0.0,290.87,,500.0,,,
E,0 days 09:21:49.909809402,195921,0,0.0,290.87,,500.0,,,
E,0 days 09:21:49.909809402,195897,0,0.0,290.86,,500.0,,,
E,0 days 09:21:49.909809402,196008,0,0.0,290.86,,500.0,,,
E,0 days 09:22:07.503506330,198056,1,0.0,290.88,,500.0,,,
E,0 days 09:24:26.015469386,209223,0,0.0,290.86,,500.0,,,
E,0 days 09:24:26.015469386,209234,0,0.0,290.86,,500.0,,,
E,0 days 09:24:26.015671771,196752,0,0.0,290.84,,100.0,,,
E,0 days 09:24:30.320969922,209517,1,0.0,290.85,,500.0,,,
E,0 days 09:25:21.995440242,213912,1,0.0,290.91,,500.0,,,
E,0 days 09:25:34.130131584,215074,1,100.0,290.93,,400.0,,,
E,0 days 09:25:34.130131584,215076,1,100.0,290.93,,400.0,,,
E,0 days 09:27:20.917821379,224549,1,380.0,290.96,,120.0,,,
E,0 days 09:27:20.917821379,224550,1,400.0,290.96,,100.0,,,
E,0 days 09:27:20.917821379,224551,1,420.0,290.96,,80.0,,,
E,0 days 09:28:02.743187174,229387,1,1000.0,290.94,,2000.0,,,
E,0 days 09:28:05.767745426,231908,1,0.0,290.91,,500.0,,,
E,0 days 09:28:05.767745426,231910,1,0.0,290.91,,500.0,,,
E,0 days 09:28:05.767745426,231911,1,0.0,290.91,,500.0,,,
E,0 days 09:28:23.375525000,232820,1,0.0,290.93,,500.0,,,
E,0 days 09:28:25.046504886,233983,1,400.0,290.93,,100.0,,,
E,0 days 09:28:49.467981292,236195,1,300.0,290.93,,200.0,,,
E,0 days 09:28:49.467981292,236196,1,300.0,290.93,,200.0,,,
E,0 days 09:28:49.467981292,236195,1,200.0,290.93,,100.0,,,
E,0 days 09:28:50.499478395,236195,1,80.0,290.93,,120.0,,,
E,0 days 09:28:50.499478395,236196,1,200.0,290.93,,100.0,,,
E,0 days 09:28:50.499478395,236252,1,220.0,290.93,,80.0,,,
E,0 days 09:28:50.859525824,236252,1,120.0,290.93,,100.0,,,
E,0 days 09:28:50.859525824,236196,1,100.0,290.93,,100.0,,,
E,0 days 09:28:50.859525824,236242,1,100.0,290.93,,100.0,,,
E,0 days 09:28:50.859525824,236344,1,100.0,290.93,,100.0,,,
E,0 days 09:28:50.859525824,236252,1,20.0,290.93,,100.0,,,
E,0 days 09:28:50.897644553,236414,1,0.0,290.93,,200.0,,,
E,0 days 09:28:50.897644553,236196,1,0.0,290.93,,100.0,,,
E,0 days 09:28:50.897644553,236242,1,0.0,290.93,,100.0,,,
E,0 days 09:28:50.897644553,236344,1,0.0,290.93,,100.0,,,
E,0 days 09:28:50.897644553,236380,1,0.0,290.93,,100.0,,,
E,0 days 09:28:50.897644553,236195,1,0.0,290.93,,80.0,,,
E,0 days 09:28:50.897644553,236252,1,0.0,290.93,,20.0,,,
E,0 days 09:28:51.198210773,236434,1,300.0,290.93,,200.0,,,
E,0 days 09:28:51.198210773,236435,1,300.0,290.93,,200.0,,,
E,0 days 09:28:51.198210773,236434,1,200.0,290.93,,100.0,,,
E,0 days 09:28:51.838036408,236434,1,0.0,290.93,,200.0,,,
E,0 days 09:28:51.838036408,236435,1,200.0,290.93,,100.0,,,
E,0 days 09:28:51.838036408,236451,1,200.0,290.93,,100.0,,,
E,0 days 09:28:51.838036408,236435,1,100.0,290.93,,100.0,,,
E,0 days 09:28:52.242380429,236464,1,0.0,290.93,,300.0,,,
E,0 days 09:28:52.242380429,236440,1,0.0,290.93,,200.0,,,
E,0 days 09:28:52.242380429,236451,1,0.0,290.93,,200.0,,,
E,0 days 09:28:52.242380429,236465,1,0.0,290.93,,200.0,,,
E,0 days 09:28:52.242380429,236435,1,0.0,290.93,,100.0,,,
E,0 days 09:28:52.991978449,236520,1,0.0,290.93,,500.0,,,
E,0 days 09:28:52.991978449,236551,1,0.0,290.93,,500.0,,,
E,0 days 09:28:54.282684634,236571,1,0.0,290.93,,500.0,,,
E,0 days 09:28:54.282684634,236572,1,0.0,290.93,,500.0,,,
E,0 days 09:28:54.425670543,236191,1,0.0,290.94,,500.0,,,
E,0 days 09:28:54.425670543,236192,1,0.0,290.94,,500.0,,,
E,0 days 09:28:54.483910864,236783,1,0.0,290.93,,500.0,,,
E,0 days 09:28:55.694096563,236806,1,200.0,290.93,,300.0,,,
E,0 days 09:29:06.206730362,237926,1,0.0,290.96,,500.0,,,
E,0 days 09:29:06.206730362,237927,1,0.0,290.96,,500.0,,,
E,0 days 09:29:07.524509830,237973,1,480.0,290.96,,20.0,,,
E,0 days 09:29:07.668518221,237991,1,0.0,290.96,,500.0,,,
E,0 days 09:29:07.668518221,237973,1,0.0,290.96,,480.0,,,
E,0 days 09:29:24.094397706,239529,1,0.0,290.96,,500.0,,,
E,0 days 09:29:24.094397706,239530,1,0.0,290.96,,500.0,,,
E,0 days 09:30:00.025775191,249894,0,200.0,290.94,,300.0,,,
E,0 days 09:30:00.025775191,249895,0,200.0,290.94,,300.0,,,
E,0 days 09:30:01.131331993,282974,1,0.0,290.93,,10.0,,,
E,0 days 09:30:01.684653049,292532,0,0.0,290.91,,500.0,,,
E,0 days 09:30:01.684653049,238440,0,0.0,290.87,,500.0,,,
E,0 days 09:30:01.696104362,293132,1,0.0,290.88,,500.0,,,
E,0 days 09:30:01.745674615,293587,1,0.0,290.9,,100.0,,,
E,0 days 09:30:01.887845665,293943,1,100.0,290.91,,400.0,,,
E,0 days 09:30:01.887845665,293944,1,100.0,290.91,,400.0,,,
E,0 days 09:30:01.887845665,293943,1,77.0,290.91,,23.0,,,
E,0 days 09:30:02.479312940,295230,1,13.0,290.92,,87.0,,,
E,0 days 09:30:02.593077950,295230,1,0.0,290.92,,13.0,,,
E,0 days 09:30:02.977311172,300716,0,200.0,290.93,,300.0,,,
E,0 days 09:30:03.775910867,300489,1,24.0,290.95,,76.0,,,
E,0 days 09:30:03.879075618,300489,1,0.0,290.95,,24.0,,,
E,0 days 09:30:05.417054405,310045,1,0.0,290.97,,100.0,,,
E,0 days 09:30:10.573928214,331306,0,300.0,290.99,,200.0,,,
E,0 days 09:30:10.573928214,331306,0,244.0,290.99,,56.0,,,
E,0 days 09:30:14.791190903,343628,0,0.0,290.99,,500.0,,,
E,0 days 09:30:14.791190903,343727,0,0.0,290.99,,500.0,,,
E,0 days 09:30:17.007473796,346401,1,900.0,291.0,,100.0,,,
E,0 days 09:30:17.007484779,346401,1,400.0,291.0,,500.0,,,
E,0 days 09:30:40.210154184,395604,0,0.0,290.93,,500.0,,,
E,0 days 09:30:40.210154184,395612,0,0.0,290.93,,500.0,,,
E,0 days 09:30:46.366650873,405665,1,76.0,290.92,,24.0,,,
E,0 days 09:30:52.196001288,415284,0,400.0,290.88,,100.0,,,
E,0 days 09:31:00.627366773,434438,0,0.0,290.89,,100.0,,,
E,0 days 09:31:00.627366773,435221,0,300.0,290.89,,200.0,,,
E,0 days 09:31:00.627366773,435222,0,300.0,290.89,,200.0,,,
E,0 days 09:31:00.627366773,435221,0,200.0,290.89,,100.0,,,
E,0 days 09:31:03.668149991,445531,0,0.0,290.91,,500.0,,,
E,0 days 09:31:03.842139141,446251,0,0.0,290.89,,100.0,,,
E,0 days 09:31:04.679163838,446667,0,0.0,290.91,,100.0,,,
E,0 days 09:31:11.844507909,463290,1,0.0,290.93,,100.0,,,
E,0 days 09:31:13.722620568,468359,0,0.0,290.92,,100.0,,,
E,0 days 09:31:22.108391039,486572,1,0.0,290.91,,300.0,,,
E,0 days 09:31:22.108391039,486571,1,0.0,290.91,,100.0,,,
E,0 days 09:31:22.108391039,486613,1,0.0,290.91,,100.0,,,
E,0 days 09:31:25.849909299,492036,0,0.0,290.91,,100.0,,,
E,0 days 09:31:25.849909299,493056,0,0.0,290.91,,100.0,,,
E,0 days 09:31:29.976830925,499957,0,0.0,290.92,,100.0,,,
E,0 days 09:31:30.580275376,503852,1,0.0,290.91,,100.0,,,
E,0 days 09:31:30.580886044,503863,1,0.0,290.91,,200.0,,,
E,0 days 09:31:30.580886044,503858,1,0.0,290.91,,100.0,,,
E,0 days 09:31:31.046624904,504784,0,0.0,290.91,,100.0,,,
E,0 days 09:31:33.732293789,501875,1,0.0,290.92,,100.0,,,
E,0 days 09:31:42.578823511,531579,0,0.0,290.9,,100.0,,,
E,0 days 09:31:42.582956496,531729,1,0.0,290.91,,300.0,,,
E,0 days 09:31:42.582956496,531730,1,0.0,290.91,,100.0,,,
E,0 days 09:31:46.998560562,534733,0,0.0,290.9,,100.0,,,
E,0 days 09:31:57.975583348,564429,0,0.0,290.88,,100.0,,,
E,0 days 09:31:57.976190033,564520,0,83.0,290.88,,17.0,,,
E,0 days 09:32:02.382163391,563704,1,0.0,290.91,,800.0,,,
E,0 days 09:32:02.382163391,568270,1,0.0,290.91,,500.0,,,
E,0 days 09:32:02.382163391,568271,1,0.0,290.91,,500.0,,,
E,0 days 09:32:06.057191704,586577,1,300.0,290.94,,100.0,,,
E,0 days 09:32:06.057218531,586577,1,0.0,290.94,,300.0,,,
E,0 days 09:32:06.076462877,588105,0,0.0,290.94,,200.0,,,
E,0 days 09:32:06.076462877,588106,0,0.0,290.94,,200.0,,,
E,0 days 09:32:06.076462877,588293,0,0.0,290.94,,100.0,,,
E,0 days 09:32:16.683365200,615836,1,0.0,290.91,,100.0,,,
E,0 days 09:32:25.706116473,637348,0,0.0,290.93,,100.0,,,
E,0 days 09:32:28.123500047,640666,1,400.0,290.93,,100.0,,,
E,0 days 09:32:28.405723500,642912,1,0.0,290.92,,200.0,,,
E,0 days 09:32:28.405948470,642938,1,0.0,290.92,,500.0,,,
E,0 days 09:32:28.405948470,642931,1,0.0,290.92,,200.0,,,
E,0 days 09:32:30.969995849,643516,1,0.0,290.93,,100.0,,,
E,0 days 09:32:35.114571063,656755,1,0.0,290.89,,100.0,,,
E,0 days 09:32:35.116383711,656853,1,0.0,290.89,,200.0,,,
E,0 days 09:32:35.127342841,656946,0,200.0,290.88,,300.0,,,
E,0 days 09:32:35.127342841,655429,0,100.0,290.88,,100.0,,,
E,0 days 09:32:35.127342841,656946,0,107.0,290.88,,93.0,,,
E,0 days 09:32:42.148290925,667384,1,0.0,290.93,,100.0,,,
E,0 days 09:32:46.908912109,685929,1,0.0,290.98,,100.0,,,
E,0 days 09:32:49.286149711,687938,1,300.0,290.98,,100.0,,,
E,0 days 09:32:49.286240246,687938,1,100.0,290.98,,200.0,,,
E,0 days 09:32:49.286277426,687938,1,0.0,290.98,,100.0,,,
E,0 days 09:32:55.240300482,699905,1,0.0,291.02,,100.0,,,
E,0 days 09:32:55.240300482,705916,1,0.0,291.02,,100.0,,,
E,0 days 09:32:57.052897031,707767,1,0.0,291.03,,400.0,,,
E,0 days 09:32:58.574962873,706124,0,0.0,291.02,,100.0,,,
E,0 days 09:32:58.599136605,714505,0,0.0,291.01,,100.0,,,
E,0 days 09:33:00.985419832,720229,1,0.0,291.03,,400.0,,,
E,0 days 09:33:02.582890108,726016,1,0.0,291.04,,300.0,,,
E,0 days 09:33:02.582890108,726015,1,0.0,291.04,,100.0,,,
E,0 days 09:33:07.344487878,738546,0,0.0,291.03,,100.0,,,
E,0 days 09:33:07.344892366,738550,0,0.0,291.03,,100.0,,,
E,0 days 09:33:07.345469084,738556,0,0.0,291.03,,100.0,,,
E,0 days 09:33:08.130198565,740706,1,0.0,291.02,,100.0,,,
E,0 days 09:33:08.567897282,742113,0,0.0,291.01,,100.0,,,
E,0 days 09:33:13.175428366,753921,1,0.0,291.02,,300.0,,,
E,0 days 09:33:13.175428366,753922,1,0.0,291.02,,100.0,,,
E,0 days 09:33:14.001456746,755400,1,0.0,291.02,,300.0,,,
E,0 days 09:33:20.289366150,769066,1,0.0,291.0,,100.0,,,
E,0 days 09:33:20.289366150,769068,1,100.0,291.0,,200.0,,,
E,0 days 09:33:20.289552924,769068,1,0.0,291.0,,100.0,,,
E,0 days 09:33:22.226945376,773699,1,0.0,291.0,,100.0,,,
E,0 days 09:33:33.122746995,793639,1,55.0,291.03,,45.0,,,
E,0 days 09:33:43.421992447,812394,0,0.0,291.05,,100.0,,,
E,0 days 09:33:43.793136599,814937,1,0.0,291.04,,100.0,,,
E,0 days 09:33:50.233596185,820252,0,0.0,291.02,,100.0,,,
E,0 days 09:33:51.150575958,830883,1,0.0,291.02,,100.0,,,
E,0 days 09:33:52.332765658,833057,1,0.0,291.02,,500.0,,,
E,0 days 09:33:52.332765658,833059,1,0.0,291.02,,200.0,,,
E,0 days 09:33:52.332968140,833065,1,0.0,291.02,,200.0,,,
E,0 days 09:33:52.332968140,833067,1,2000.0,291.02,,1000.0,,,
E,0 days 09:33:52.333012469,833067,1,0.0,291.02,,2000.0,,,
E,0 days 09:33:52.333012469,833070,1,0.0,291.02,,500.0,,,
E,0 days 09:33:54.743975868,840250,1,0.0,291.02,,200.0,,,
E,0 days 09:33:54.802650059,841592,1,0.0,291.0,,100.0,,,
E,0 days 09:33:55.386363565,844409,0,0.0,290.99,,200.0,,,
E,0 days 09:33:58.410037876,846168,0,0.0,290.99,,100.0,,,
E,0 days 09:34:05.481448875,866992,0,0.0,290.96,,100.0,,,
E,0 days 09:34:06.663365193,864606,1,0.0,290.97,,100.0,,,
E,0 days 09:34:08.592739218,873133,1,0.0,290.97,,100.0,,,
E,0 days 09:34:10.594035192,877384,0,90.0,290.93,,10.0,,,
E,0 days 09:34:10.599356733,877384,0,80.0,290.93,,10.0,,,
E,0 days 09:34:12.887698489,884525,1,0.0,290.94,,100.0,,,
E,0 days 09:34:25.550918615,910880,0,0.0,290.95,,300.0,,,
E,0 days 09:34:25.550918615,910881,0,0.0,290.95,,200.0,,,
E,0 days 09:34:35.908497713,931097,1,2800.0,290.93,,200.0,,,
E,0 days 09:34:35.908677006,931097,1,2764.0,290.93,,36.0,,,
E,0 days 09:34:40.040015619,928427,1,400.0,290.94,,2600.0,,,
E,0 days 09:34:40.040015619,930827,1,100.0,290.94,,100.0,,,
E,0 days 09:34:40.040015619,928427,1,300.0,290.94,,100.0,,,
E,0 days 09:34:40.040015619,930827,1,0.0,290.94,,100.0,,,
E,0 days 09:34:40.040015619,928410,1,0.0,290.94,,100.0,,,
E,0 days 09:34:40.040015619,928487,1,96.0,290.94,,4.0,,,
E,0 days 09:34:42.621285709,945486,1,0.0,290.95,,100.0,,,
E,0 days 09:34:44.195541527,949921,1,0.0,290.94,,100.0,,,
E,0 days 09:34:50.853251280,964574,1,0.0,290.95,,100.0,,,
E,0 days 09:34:59.873709967,985060,1,0.0,290.93,,200.0,,,
E,0 days 09:34:59.873709967,985333,1,0.0,290.93,,200.0,,,
E,0 days 09:35:02.077513635,994301,1,300.0,290.96,,200.0,,,
E,0 days 09:35:02.077513635,996025,1,300.0,290.96,,200.0,,,
E,0 days 09:35:02.077513635,994301,1,200.0,290.96,,100.0,,,
E,0 days 09:35:02.571141408,994520,0,98.0,290.95,,2.0,,,
E,0 days 09:35:02.571284847,994520,0,96.0,290.95,,2.0,,,
E,0 days 09:35:02.956296929,1001392,1,0.0,290.95,,200.0,,,
E,0 days 09:35:02.956708461,1001400,1,0.0,290.95,,200.0,,,
E,0 days 09:35:02.958184698,1001406,1,0.0,290.95,,200.0,,,
E,0 days 09:35:03.091801698,1001824,1,0.0,290.95,,100.0,,,
E,0 days 09:35:05.221586835,1008742,1,0.0,290.96,,500.0,,,
E,0 days 09:35:05.221586835,1005335,1,0.0,290.96,,100.0,,,
E,0 days 09:35:05.221586835,1005347,1,0.0,290.96,,100.0,,,
E,0 days 09:35:06.407828716,1012832,0,0.0,290.99,,100.0,,,
E,0 days 09:35:08.791475902,1020772,1,0.0,290.98,,200.0,,,
E,0 days 09:35:09.012004074,1022264,1,220.0,290.97,,280.0,,,
E,0 days 09:35:09.012004074,1022266,1,2600.0,290.97,,400.0,,,
E,0 days 09:35:09.012004074,1022266,1,2580.0,290.97,,20.0,,,
E,0 days 09:35:11.757913429,1031026,0,24.0,290.98,,76.0,,,
E,0 days 09:35:18.730378381,1050809,0,0.0,290.99,,100.0,,,
E,0 days 09:35:29.376325084,1085067,1,0.0,291.02,,100.0,,,
E,0 days 09:35:34.163384850,1096657,1,0.0,291.04,,100.0,,,
E,0 days 09:35:34.326929721,1094839,0,0.0,291.03,,100.0,,,
E,0 days 09:35:34.348994100,1097612,1,0.0,291.03,,100.0,,,
E,0 days 09:35:38.467214874,1110679,1,0.0,291.02,,100.0,,,
E,0 days 09:35:42.734416411,1108416,1,0.0,291.03,,100.0,,,
E,0 days 09:35:55.066453822,1150587,1,0.0,291.06,,500.0,,,
E,0 days 09:35:55.066453822,1153010,1,0.0,291.07,,200.0,,,
E,0 days 09:35:55.066453822,1152971,1,0.0,291.07,,100.0,,,
E,0 days 09:35:55.073788725,1158256,0,0.0,291.07,,100.0,,,
E,0 days 09:35:57.378977190,1159180,0,0.0,291.07,,100.0,,,
E,0 days 09:35:57.588249677,1166679,1,0.0,291.07,,300.0,,,
E,0 days 09:35:59.879321647,1174180,1,0.0,291.09,,100.0,,,
E,0 days 09:36:03.260360203,1186770,1,0.0,291.07,,100.0,,,
E,0 days 09:36:04.641583523,1193637,1,0.0,291.07,,200.0,,,
E,0 days 09:36:09.137706513,1211024,1,0.0,291.05,,100.0,,,
E,0 days 09:36:35.817338844,1286030,0,0.0,291.06,,100.0,,,
E,0 days 09:36:38.415295926,1290453,1,0.0,291.06,,500.0,,,
E,0 days 09:36:38.415295926,1291994,1,500.0,291.06,,2500.0,,,
E,0 days 09:36:38.415295926,1291534,1,100.0,291.06,,400.0,,,
E,0 days 09:36:38.415295926,1291994,1,400.0,291.06,,100.0,,,
E,0 days 09:36:38.415295926,1291534,1,77.0,291.06,,23.0,,,
E,0 days 09:36:38.415386859,1291994,1,0.0,291.06,,400.0,,,
E,0 days 09:36:38.415386859,1291534,1,0.0,291.06,,77.0,,,
E,0 days 09:36:38.515648177,1295254,0,160.0,291.06,,40.0,,,
E,0 days 09:36:38.515648177,1295857,0,2940.0,291.06,,60.0,,,
E,0 days 09:36:38.928094410,1295277,0,0.0,291.05,,300.0,,,
E,0 days 09:36:38.928094410,1295239,0,0.0,291.05,,100.0,,,
E,0 days 09:36:41.819836590,1302607,0,0.0,291.05,,100.0,,,
E,0 days 09:36:45.981199541,1319007,1,0.0,291.05,,100.0,,,
E,0 days 09:36:45.982202493,1319010,1,0.0,291.05,,100.0,,,
E,0 days 09:36:45.982880040,1319014,1,0.0,291.05,,100.0,,,
E,0 days 09:36:45.985006037,1319017,1,0.0,291.05,,100.0,,,
E,0 days 09:36:45.985555270,1319019,1,0.0,291.05,,100.0,,,
E,0 days 09:36:45.986881935,1319022,1,0.0,291.05,,100.0,,,
E,0 days 09:36:46.492606559,1320139,1,0.0,291.05,,300.0,,,
E,0 days 09:36:50.148703602,1333585,1,0.0,291.07,,200.0,,,
E,0 days 09:36:50.149591486,1333616,1,0.0,291.07,,300.0,,,
E,0 days 09:36:51.544332588,1338112,1,0.0,291.07,,300.0,,,
E,0 days 09:36:51.544534716,1337446,0,0.0,291.06,,200.0,,,
E,0 days 09:36:59.381660116,1359912,1,0.0,291.02,,300.0,,,
E,0 days 09:36:59.381660116,1359913,1,0.0,291.02,,100.0,,,
E,0 days 09:37:01.541898793,1368148,1,0.0,291.0,,100.0,,,
E,0 days 09:37:11.457107325,1399350,0,200.0,291.03,,100.0,,,
E,0 days 09:37:16.145301446,1410592,0,0.0,291.02,,100.0,,,
E,0 days 09:37:16.252873078,1412773,1,0.0,291.02,,200.0,,,
E,0 days 09:37:17.342028704,1415527,1,0.0,291.02,,100.0,,,
E,0 days 09:37:19.598173686,1420259,0,0.0,291.01,,500.0,,,
E,0 days 09:37:19.598173686,1420305,0,0.0,291.01,,500.0,,,
E,0 days 09:37:19.598173686,1419786,0,0.0,291.01,,100.0,,,
E,0 days 09:37:19.598173686,1420057,0,0.0,291.01,,100.0,,,
E,0 days 09:37:26.651574658,1442836,1,0.0,290.99,,200.0,,,
E,0 days 09:37:29.990253622,1444111,1,0.0,290.99,,3000.0,,,
E,0 days 09:37:29.990253622,1444230,1,0.0,290.99,,100.0,,,
E,0 days 09:37:30.006818704,1451862,1,0.0,290.99,,100.0,,,
E,0 days 09:37:30.009384522,1452201,1,0.0,290.99,,300.0,,,
E,0 days 09:37:36.080731171,1465025,0,0.0,291.0,,100.0,,,
E,0 days 09:37:47.669704870,1496572,1,0.0,291.02,,100.0,,,
E,0 days 09:37:48.188567442,1498316,1,0.0,291.02,,100.0,,,
E,0 days 09:37:50.330945710,1503024,1,0.0,291.02,,500.0,,,
E,0 days 09:37:54.253565637,1511916,0,0.0,291.02,,100.0,,,
E,0 days 09:38:07.195744804,1546668,1,0.0,291.05,,200.0,,,
E,0 days 09:38:07.195989469,1546690,1,0.0,291.05,,200.0,,,
E,0 days 09:38:09.453020537,1554066,1,0.0,291.02,,400.0,,,
E,0 days 09:38:17.944674857,1572085,1,0.0,291.02,,300.0,,,
E,0 days 09:38:30.238789502,1597946,0,0.0,290.99,,100.0,,,
E,0 days 09:38:39.738852866,1627388,1,0.0,290.99,,100.0,,,
E,0 days 09:38:39.979847152,1626930,0,0.0,290.98,,100.0,,,
E,0 days 09:38:51.164427907,1656857,0,0.0,290.99,,100.0,,,
E,0 days 09:38:55.225012146,1556607,0,0.0,290.96,,100.0,,,
E,0 days 09:38:55.225110358,1666505,0,0.0,290.96,,200.0,,,
E,0 days 09:38:55.225110358,1666511,0,0.0,290.96,,100.0,,,
E,0 days 09:38:55.493503431,1670443,1,0.0,290.94,,300.0,,,
E,0 days 09:38:55.493503431,1670444,1,0.0,290.94,,100.0,,,
E,0 days 09:38:55.611995958,1671275,1,0.0,290.93,,100.0,,,
E,0 days 09:38:55.843136750,1671546,1,900.0,290.94,,2100.0,,,
E,0 days 09:38:55.843136750,1671546,1,871.0,290.94,,29.0,,,
E,0 days 09:38:58.133696270,1679496,1,0.0,290.92,,200.0,,,
E,0 days 09:38:58.352907429,1671430,0,57.0,290.9,,43.0,,,
E,0 days 09:38:59.386418527,1685788,1,0.0,290.89,,100.0,,,
E,0 days 09:39:00.104639142,1689643,1,0.0,290.87,,300.0,,,
E,0 days 09:39:01.420150283,1690416,0,0.0,290.84,,100.0,,,
E,0 days 09:39:01.420367178,1697676,0,200.0,290.84,,100.0,,,
E,0 days 09:39:01.450253826,1698198,1,0.0,290.84,,100.0,,,
E,0 days 09:39:01.478733948,1699376,1,0.0,290.83,,100.0,,,
E,0 days 09:39:06.045130670,1713198,0,0.0,290.85,,100.0,,,
E,0 days 09:39:07.573627276,1722268,1,0.0,290.84,,200.0,,,
E,0 days 09:39:09.943613563,1730784,0,0.0,290.84,,500.0,,,
E,0 days 09:39:09.943613563,1730785,0,0.0,290.84,,500.0,,,
E,0 days 09:39:09.943613563,1728308,0,0.0,290.84,,300.0,,,
E,0 days 09:39:09.943613563,1730471,0,0.0,290.84,,100.0,,,
E,0 days 09:39:09.943613563,1726059,0,0.0,290.83,,200.0,,,
E,0 days 09:39:09.943613563,1728033,0,0.0,290.82,,500.0,,,
E,0 days 09:39:09.943613563,1697814,0,0.0,290.82,,100.0,,,
E,0 days 09:39:09.944054284,1731982,0,100.0,290.84,,200.0,,,
E,0 days 09:39:09.944059507,1731982,0,0.0,290.84,,100.0,,,
E,0 days 09:39:09.944424747,1699590,0,0.0,290.81,,100.0,,,
E,0 days 09:39:09.944424747,1732134,0,0.0,290.81,,100.0,,,
E,0 days 09:39:09.953227785,1733920,1,20.0,290.83,,80.0,,,
E,0 days 09:39:09.953227785,1733990,1,400.0,290.83,,100.0,,,
E,0 days 09:39:09.953227785,1733990,1,380.0,290.83,,20.0,,,
E,0 days 09:39:09.959466557,1733190,1,0.0,290.84,,200.0,,,
E,0 days 09:39:09.959466557,1733923,1,0.0,290.84,,100.0,,,
E,0 days 09:39:09.965255056,1734652,0,143.0,290.83,,57.0,,,
E,0 days 09:39:09.965255056,1734712,0,414.0,290.83,,86.0,,,
E,0 days 09:39:09.999540377,1736032,1,0.0,290.84,,100.0,,,
E,0 days 09:39:09.999540377,1736035,1,100.0,290.84,,400.0,,,
E,0 days 09:39:09.999540377,1736039,1,100.0,290.84,,400.0,,,
E,0 days 09:39:09.999540377,1736035,1,0.0,290.84,,100.0,,,
E,0 days 09:39:09.999540377,1736039,1,0.0,290.84,,100.0,,,
E,0 days 09:39:10.002129017,1736127,1,300.0,290.84,,200.0,,,
E,0 days 09:39:10.002129017,1736127,1,200.0,290.84,,100.0,,,
E,0 days 09:39:25.126386217,1766888,1,0.0,290.84,,100.0,,,
E,0 days 09:39:25.126386217,1775064,1,0.0,290.84,,100.0,,,
E,0 days 09:39:25.726630392,1786043,0,0.0,290.83,,300.0,,,
E,0 days 09:39:25.726630392,1786045,0,0.0,290.83,,100.0,,,
E,0 days 09:39:25.922884688,1787446,0,71.0,290.84,,29.0,,,
E,0 days 09:39:25.996405112,1787789,1,0.0,290.84,,100.0,,,
E,0 days 09:39:31.580743482,1799979,0,0.0,290.85,,100.0,,,
E,0 days 09:39:32.198142270,1802779,0,0.0,290.85,,100.0,,,
E,0 days 09:39:39.604405331,1820478,1,0.0,290.88,,100.0,,,
E,0 days 09:39:40.532590778,1818666,0,0.0,290.87,,100.0,,,
E,0 days 09:39:42.444778127,1829863,1,0.0,290.85,,100.0,,,
E,0 days 09:39:42.474621754,1798495,0,2600.0,290.84,,400.0,,,
E,0 days 09:39:42.474621754,1798495,0,2500.0,290.84,,100.0,,,
E,0 days 09:39:45.103906529,1839054,1,192.0,290.84,,8.0,,,
E,0 days 09:39:45.103906529,1839068,1,286.0,290.84,,14.0,,,
E,0 days 09:39:45.103913374,1839054,1,152.0,290.84,,40.0,,,
E,0 days 09:39:45.103913374,1839068,1,226.0,290.84,,60.0,,,
E,0 days 09:39:45.117623389,1839321,1,0.0,290.84,,100.0,,,
E,0 days 09:39:45.425537688,1840254,1,0.0,290.84,,100.0,,,
E,0 days 09:39:46.173960142,1842478,1,100.0,290.84,,100.0,,,
E,0 days 09:40:00.021778686,1875181,0,0.0,290.86,,500.0,,,
E,0 days 09:40:00.021778686,1875781,0,0.0,290.86,,500.0,,,
E,0 days 09:40:00.021778686,1875687,0,0.0,290.86,,100.0,,,
E,0 days 09:40:00.021973110,1875815,0,0.0,290.86,,300.0,,,
E,0 days 09:40:02.453646100,1886002,1,2100.0,290.89,,900.0,,,
E,0 days 09:40:02.453646100,1886723,1,400.0,290.89,,100.0,,,
E,0 days 09:40:02.453646100,1886929,1,400.0,290.89,,100.0,,,
E,0 days 09:40:02.453646100,1886002,1,2000.0,290.89,,100.0,,,
E,0 days 09:40:04.807385646,1890702,1,0.0,290.89,,100.0,,,
E,0 days 09:40:09.626656450,1912007,1,0.0,290.96,,300.0,,,
E,0 days 09:40:20.062649868,1946940,0,0.0,290.97,,100.0,,,
E,0 days 09:40:30.779669481,1980377,1,0.0,290.96,,100.0,,,
E,0 days 09:40:34.288351428,1989232,1,0.0,290.96,,200.0,,,
E,0 days 09:40:49.258988566,2043485,0,0.0,290.89,,100.0,,,
E,0 days 09:40:52.004195119,2050183,1,0.0,290.89,,300.0,,,
E,0 days 09:40:52.004195119,2049978,1,0.0,290.89,,200.0,,,
E,0 days 09:40:52.004195119,2050184,1,0.0,290.89,,100.0,,,
E,0 days 09:40:58.642498310,2068031,1,0.0,290.88,,100.0,,,
E,0 days 09:41:03.926725677,2081610,0,0.0,290.9,,100.0,,,
E,0 days 09:41:03.926725677,2077508,0,0.0,290.89,,100.0,,,
E,0 days 09:41:03.929493622,2084948,0,0.0,290.87,,300.0,,,
E,0 days 09:41:03.929493622,2070025,0,0.0,290.87,,100.0,,,
E,0 days 09:41:03.929493622,2082947,0,0.0,290.87,,100.0,,,
E,0 days 09:41:03.965462892,2077620,0,0.0,290.86,,100.0,,,
E,0 days 09:41:04.137915669,2089184,1,0.0,290.85,,100.0,,,
E,0 days 09:41:06.765849368,2097626,0,0.0,290.84,,100.0,,,
E,0 days 09:41:13.739374502,2116902,0,0.0,290.82,,200.0,,,
E,0 days 09:41:13.742026944,2116946,0,0.0,290.82,,100.0,,,
E,0 days 09:41:13.991911702,2116849,0,0.0,290.81,,3000.0,,,
E,0 days 09:41:13.991911702,2090024,0,0.0,290.81,,100.0,,,
E,0 days 09:41:13.991911702,2104983,0,0.0,290.81,,100.0,,,
E,0 days 09:41:26.297916165,2155119,1,0.0,290.86,,100.0,,,
E,0 days 09:41:26.298144050,2155188,1,0.0,290.86,,100.0,,,
E,0 days 09:41:31.629676916,2139927,1,0.0,290.89,,100.0,,,
E,0 days 09:41:31.629676916,2156646,1,0.0,290.89,,100.0,,,
E,0 days 09:41:31.629895089,2170345,1,0.0,290.89,,500.0,,,
E,0 days 09:41:31.629895089,2170347,1,0.0,290.89,,500.0,,,
E,0 days 09:41:31.629999206,2146252,1,0.0,290.9,,100.0,,,
E,0 days 09:41:34.179750582,2181759,1,429.0,290.93,,71.0,,,
E,0 days 09:41:42.796345011,2202327,0,0.0,290.89,,100.0,,,
E,0 days 09:41:47.400504752,2211396,1,0.0,290.89,,100.0,,,
E,0 days 09:41:48.003498557,2205009,1,0.0,290.9,,20.0,,,
E,0 days 09:41:51.332999333,2224336,1,200.0,290.91,,100.0,,,
E,0 days 09:41:55.762835743,2224166,1,0.0,290.92,,100.0,,,
E,0 days 09:41:55.762835743,2225734,1,0.0,290.92,,100.0,,,
E,0 days 09:41:56.939359800,2231353,0,0.0,290.91,,100.0,,,
E,0 days 09:41:57.347523988,2235232,1,200.0,290.91,,100.0,,,
E,0 days 09:41:58.168155153,2236580,0,0.0,290.91,,200.0,,,
E,0 days 09:41:58.176986418,2236637,0,1600.0,290.91,,1400.0,,,
E,0 days 09:41:58.176986418,2236637,0,1500.0,290.91,,100.0,,,
E,0 days 09:42:02.573598078,2245733,0,0.0,290.93,,100.0,,,
E,0 days 09:42:02.573598078,2245736,0,0.0,290.93,,100.0,,,
E,0 days 09:42:02.573802983,2245738,0,0.0,290.93,,100.0,,,
E,0 days 09:42:02.573913970,2245744,0,0.0,290.93,,200.0,,,
E,0 days 09:42:02.577176046,2245796,0,0.0,290.93,,200.0,,,
E,0 days 09:42:02.671606171,2246247,0,0.0,290.93,,200.0,,,
E,0 days 09:42:02.680186574,2246278,0,0.0,290.93,,200.0,,,
E,0 days 09:42:02.680340487,2246285,0,0.0,290.93,,200.0,,,
E,0 days 09:42:05.774706846,2257036,1,300.0,290.93,,200.0,,,
E,0 days 09:42:05.774706846,2257036,1,251.0,290.93,,49.0,,,
E,0 days 09:42:07.570776729,2257628,0,0.0,290.93,,100.0,,,
E,0 days 09:42:08.848884050,2263246,0,0.0,290.94,,100.0,,,
E,0 days 09:42:09.433111141,2264701,1,0.0,290.95,,100.0,,,
E,0 days 09:42:14.046423961,2278587,1,0.0,290.92,,100.0,,,
E,0 days 09:42:14.187008602,2278437,1,0.0,290.93,,100.0,,,
E,0 days 09:42:16.244644498,2282517,1,0.0,290.97,,400.0,,,
E,0 days 09:42:16.244644498,2254477,1,0.0,290.97,,100.0,,,
E,0 days 09:42:16.244644498,2285393,1,0.0,290.97,,100.0,,,
E,0 days 09:42:18.906077371,2288519,0,0.0,290.95,,100.0,,,
E,0 days 09:42:18.909815267,2295771,0,0.0,290.94,,100.0,,,
E,0 days 09:42:37.917388982,2335183,0,0.0,290.91,,200.0,,,
E,0 days 09:43:00.398179018,2385812,1,0.0,290.94,,500.0,,,
E,0 days 09:43:00.398179018,2385813,1,0.0,290.94,,500.0,,,
E,0 days 09:43:00.398179018,2385630,1,0.0,290.94,,200.0,,,
E,0 days 09:43:00.398508091,2384051,1,0.0,290.95,,100.0,,,
E,0 days 09:43:00.398561757,2321523,1,0.0,290.96,,100.0,,,
E,0 days 09:43:06.904542129,2407144,1,0.0,290.95,,100.0,,,
E,0 days 09:43:08.088350818,2409981,0,0.0,290.95,,100.0,,,
E,0 days 09:43:08.380854111,2400049,0,0.0,290.94,,400.0,,,
E,0 days 09:43:08.380854111,2392024,0,0.0,290.94,,200.0,,,
E,0 days 09:43:11.026241819,2416407,0,0.0,290.94,,100.0,,,
E,0 days 09:43:18.035726721,2431403,0,0.0,290.93,,100.0,,,
E,0 days 09:43:19.706120934,2434720,0,0.0,290.94,,300.0,,,
E,0 days 09:43:22.706922575,2440545,1,0.0,290.96,,100.0,,,
E,0 days 09:43:25.348181396,2445688,1,300.0,290.95,,100.0,,,
E,0 days 09:43:26.042586084,2447572,0,98.0,290.95,,2.0,,,
E,0 days 09:43:26.042586084,2447575,0,397.0,290.95,,3.0,,,
E,0 days 09:43:31.330917778,2459631,0,0.0,290.96,,400.0,,,
E,0 days 09:43:31.330917778,2459633,0,0.0,290.96,,100.0,,,
E,0 days 09:43:31.330917778,2459635,0,0.0,290.96,,100.0,,,
E,0 days 09:43:31.331160309,2460836,0,0.0,290.96,,100.0,,,
E,0 days 09:43:31.331160309,2460841,0,0.0,290.96,,100.0,,,
E,0 days 09:43:31.331375239,2460850,0,0.0,290.96,,200.0,,,
E,0 days 09:43:31.331717183,2460861,0,0.0,290.96,,200.0,,,
E,0 days 09:43:31.661096455,2461374,0,0.0,290.96,,200.0,,,
E,0 days 09:43:34.844170156,2467991,0,0.0,290.96,,400.0,,,
E,0 days 09:43:34.844170156,2467992,0,0.0,290.96,,100.0,,,
E,0 days 09:43:36.393378072,2470978,1,0.0,290.97,,100.0,,,
E,0 days 09:43:55.540219387,2503781,0,0.0,290.97,,400.0,,,
E,0 days 09:43:56.203953384,2507805,1,0.0,290.96,,400.0,,,
E,0 days 09:43:56.203953384,2506806,1,0.0,290.97,,200.0,,,
E,0 days 09:43:56.203953384,2507806,1,0.0,290.97,,100.0,,,
E,0 days 09:43:56.727180024,2509152,1,0.0,290.98,,100.0,,,
E,0 days 09:43:57.512417040,2512073,0,0.0,290.98,,400.0,,,
E,0 days 09:44:03.518246473,2523004,1,100.0,290.97,,100.0,,,
E,0 days 09:44:04.516386051,2526982,0,0.0,290.95,,100.0,,,
E,0 days 09:44:23.487565376,2576464,1,0.0,291.01,,100.0,,,
E,0 days 09:44:25.952865287,2582911,1,0.0,291.03,,100.0,,,
E,0 days 09:44:31.555302258,2590183,1,81.0,291.06,,19.0,,,
E,0 days 09:44:32.961995337,2596333,0,0.0,291.04,,200.0,,,
E,0 days 09:44:33.243383710,2602013,1,0.0,291.04,,200.0,,,
E,0 days 09:44:36.708059374,2611195,0,0.0,291.06,,300.0,,,
E,0 days 09:44:36.708059374,2611202,0,0.0,291.06,,100.0,,,
E,0 days 09:44:36.708235095,2611215,0,0.0,291.06,,200.0,,,
E,0 days 09:44:37.057568338,2611888,0,0.0,291.06,,200.0,,,
E,0 days 09:44:37.057746059,2611899,0,0.0,291.06,,200.0,,,
E,0 days 09:44:37.058013667,2611917,0,0.0,291.06,,3000.0,,,
E,0 days 09:44:39.941191762,2618562,0,0.0,291.05,,100.0,,,
E,0 days 09:44:39.941191762,2605677,0,0.0,291.04,,100.0,,,
E,0 days 09:44:39.941287485,2619368,0,0.0,291.04,,300.0,,,
E,0 days 09:44:39.941287485,2603322,0,0.0,291.03,,100.0,,,
E,0 days 09:44:40.491499873,2624216,1,78.0,291.01,,22.0,,,
E,0 days 09:44:42.889481358,2630133,1,2700.0,291.05,,300.0,,,
E,0 days 09:44:42.889481358,2630133,1,2660.0,291.05,,40.0,,,
E,0 days 09:44:42.982030926,2630133,1,1260.0,291.05,,1400.0,,,
E,0 days 09:44:42.982030926,2630133,1,1160.0,291.05,,100.0,,,
E,0 days 09:44:42.982030926,2631089,1,72.0,291.05,,28.0,,,
E,0 days 09:44:44.659616957,2634257,0,0.0,291.01,,100.0,,,
E,0 days 09:44:45.700049407,2634937,1,0.0,291.03,,300.0,,,
E,0 days 09:44:45.700049407,2633852,1,0.0,291.03,,100.0,,,
E,0 days 09:44:45.700049407,2632250,1,0.0,291.04,,3000.0,,,
E,0 days 09:44:45.700049407,2633835,1,0.0,291.04,,100.0,,,
E,0 days 09:44:45.700049407,2633849,1,0.0,291.04,,100.0,,,
E,0 days 09:44:45.792318573,2638494,1,0.0,291.04,,500.0,,,
E,0 days 09:44:45.792318573,2638495,1,0.0,291.04,,500.0,,,
E,0 days 09:44:45.792318573,2638441,1,0.0,291.04,,200.0,,,
E,0 days 09:44:45.792318573,2632054,1,900.0,291.05,,2100.0,,,
E,0 days 09:44:45.792318573,2638460,1,100.0,291.05,,200.0,,,
E,0 days 09:44:45.792318573,2631994,1,100.0,291.05,,100.0,,,
E,0 days 09:44:45.792318573,2632054,1,800.0,291.05,,100.0,,,
E,0 days 09:44:45.792318573,2638460,1,0.0,291.05,,100.0,,,
E,0 days 09:44:45.792318573,2631994,1,0.0,291.05,,100.0,,,
E,0 days 09:44:46.194055346,2638463,1,0.0,291.05,,100.0,,,
E,0 days 09:44:46.367940122,2641264,1,0.0,291.05,,500.0,,,
E,0 days 09:44:46.367940122,2641265,1,0.0,291.05,,500.0,,,
E,0 days 09:44:46.367940122,2641253,1,0.0,291.05,,200.0,,,
E,0 days 09:44:55.721173674,2654370,0,0.0,291.05,,100.0,,,
E,0 days 09:44:55.721294971,2656966,0,0.0,291.05,,200.0,,,
E,0 days 09:44:56.379657942,2658489,0,0.0,291.06,,200.0,,,
E,0 days 09:44:56.379956138,2658511,0,0.0,291.06,,200.0,,,
E,0 days 09:44:56.380134245,2658538,0,0.0,291.06,,200.0,,,
E,0 days 09:44:56.389835954,2658944,0,0.0,291.06,,3000.0,,,
E,0 days 09:44:56.391183375,2658946,0,0.0,291.06,,500.0,,,
E,0 days 09:44:56.391183375,2658966,0,0.0,291.06,,100.0,,,
E,0 days 09:45:02.340071409,2681979,1,0.0,291.07,,100.0,,,
E,0 days 09:45:08.655307067,2699211,1,0.0,291.08,,200.0,,,
E,0 days 09:45:08.655307067,2659593,1,1700.0,291.09,,1300.0,,,
E,0 days 09:45:08.655307067,2659593,1,1600.0,291.09,,100.0,,,
E,0 days 09:45:13.900922485,2659593,1,0.0,291.09,,1600.0,,,
E,0 days 09:45:13.900922485,2639219,1,0.0,291.09,,100.0,,,
E,0 days 09:45:13.900922485,2662026,1,0.0,291.09,,100.0,,,
E,0 days 09:45:25.330326104,2742555,0,0.0,291.11,,300.0,,,
E,0 days 09:45:25.330326104,2742553,0,0.0,291.11,,100.0,,,
E,0 days 09:45:27.836839109,2748959,1,200.0,291.11,,100.0,,,
E,0 days 09:45:27.836839109,2748959,1,100.0,291.11,,100.0,,,
E,0 days 09:45:31.260129373,2755950,1,0.0,291.13,,100.0,,,
E,0 days 09:45:34.743344215,2773526,1,0.0,291.11,,100.0,,,
E,0 days 09:45:34.927142439,2774590,0,0.0,291.12,,400.0,,,
E,0 days 09:45:49.769395329,2813872,0,0.0,291.18,,100.0,,,
E,0 days 09:45:50.304790946,2815405,0,0.0,291.18,,100.0,,,
E,0 days 09:45:52.308309592,2820509,1,0.0,291.18,,100.0,,,
E,0 days 09:45:53.475693757,2824162,1,0.0,291.17,,200.0,,,
E,0 days 09:45:58.351292163,2838763,1,0.0,291.13,,100.0,,,
E,0 days 09:46:03.724472763,2853089,0,100.0,291.13,,100.0,,,
E,0 days 09:46:08.672070705,2865908,1,0.0,291.16,,3000.0,,,
E,0 days 09:46:08.672070705,2865479,1,0.0,291.16,,100.0,,,
E,0 days 09:46:08.672070705,2865688,1,0.0,291.16,,100.0,,,
E,0 days 09:46:10.458654199,2871550,0,96.0,291.15,,4.0,,,
E,0 days 09:46:14.023466926,2882820,0,0.0,291.18,,200.0,,,
E,0 days 09:46:14.646404718,2885297,0,0.0,291.19,,200.0,,,
E,0 days 09:46:14.646544260,2885304,0,0.0,291.19,,200.0,,,
E,0 days 09:46:14.646776689,2885323,0,0.0,291.19,,200.0,,,
E,0 days 09:46:17.818314530,2896719,0,0.0,291.16,,300.0,,,
E,0 days 09:46:17.825166232,2897400,1,0.0,291.17,,100.0,,,
E,0 days 09:46:23.040132203,2907380,0,0.0,291.17,,100.0,,,
E,0 days 09:46:23.104343817,2910904,1,0.0,291.17,,200.0,,,
E,0 days 09:46:25.220236427,2914987,0,0.0,291.16,,100.0,,,
E,0 days 09:46:25.225233909,2915347,0,200.0,291.16,,300.0,,,
E,0 days 09:46:25.225233909,2915347,0,110.0,291.16,,90.0,,,
E,0 days 09:46:25.227429247,2915394,0,0.0,291.16,,300.0,,,
E,0 days 09:46:37.588799865,2946189,0,0.0,291.19,,300.0,,,
E,0 days 09:46:37.588799865,2946190,0,0.0,291.19,,100.0,,,
E,0 days 09:46:37.590122824,2946371,0,0.0,291.19,,200.0,,,
E,0 days 09:46:48.705590375,2960383,0,0.0,291.18,,100.0,,,
E,0 days 09:46:50.015738006,2974438,1,100.0,291.16,,100.0,,,
E,0 days 09:46:53.804039506,2973856,0,0.0,291.15,,100.0,,,
E,0 days 09:46:55.991047133,2988105,1,100.0,291.15,,100.0,,,
E,0 days 09:47:01.173512432,3003493,1,0.0,291.15,,200.0,,,
E,0 days 09:47:06.368693236,3018503,1,0.0,291.12,,100.0,,,
E,0 days 09:47:12.995043644,3034106,0,0.0,291.13,,3000.0,,,
E,0 days 09:47:12.995043644,3028628,0,0.0,291.13,,300.0,,,
E,0 days 09:47:12.995043644,3028627,0,0.0,291.13,,100.0,,,
E,0 days 09:47:12.995043644,3028630,0,0.0,291.13,,100.0,,,
E,0 days 09:47:12.995043644,3034159,0,0.0,291.13,,100.0,,,
E,0 days 09:47:12.996341444,3034888,0,0.0,291.13,,500.0,,,
E,0 days 09:47:12.996341444,3034890,0,0.0,291.13,,500.0,,,
E,0 days 09:47:13.011765714,3034918,0,0.0,291.13,,300.0,,,
E,0 days 09:47:13.012876748,3028140,0,0.0,291.12,,3000.0,,,
E,0 days 09:47:13.012876748,3034895,0,0.0,291.12,,300.0,,,
E,0 days 09:47:13.012876748,3027047,0,0.0,291.12,,100.0,,,
E,0 days 09:47:13.012876748,3028233,0,0.0,291.12,,100.0,,,
E,0 days 09:47:13.012876748,3034897,0,0.0,291.12,,100.0,,,
E,0 days 09:47:13.017128537,3035274,1,0.0,291.13,,100.0,,,
E,0 days 09:47:13.030222764,3035317,0,200.0,291.12,,100.0,,,
E,0 days 09:47:19.556530131,3046823,0,67.0,291.15,,33.0,,,
E,0 days 09:47:19.558011075,3046823,0,0.0,291.15,,67.0,,,
E,0 days 09:47:21.301888959,3053894,0,175.0,291.14,,25.0,,,
E,0 days 09:47:21.301925671,3053894,0,0.0,291.14,,175.0,,,
E,0 days 09:47:22.347862999,3058242,0,0.0,291.14,,100.0,,,
E,0 days 09:47:22.589787920,3060381,1,0.0,291.14,,200.0,,,
E,0 days 09:47:22.591028317,3060424,1,0.0,291.14,,100.0,,,
E,0 days 09:47:22.984701753,3060699,0,0.0,291.14,,100.0,,,
E,0 days 09:47:30.189784151,3078294,1,2200.0,291.14,,800.0,,,
E,0 days 09:47:30.189784151,3078294,1,2165.0,291.14,,35.0,,,
E,0 days 09:47:36.136018702,3081138,0,200.0,291.13,,100.0,,,
E,0 days 09:47:39.568372885,3092000,0,0.0,291.12,,100.0,,,
E,0 days 09:47:41.123807259,3109638,1,0.0,291.11,,100.0,,,
E,0 days 09:47:42.060794101,3114582,1,0.0,291.11,,3000.0,,,
E,0 days 09:47:42.060794101,3110811,1,0.0,291.11,,100.0,,,
E,0 days 09:47:42.060794101,3114540,1,0.0,291.11,,100.0,,,
E,0 days 09:47:42.745856201,3117742,1,0.0,291.11,,200.0,,,
E,0 days 09:47:55.796458274,3139266,0,0.0,291.11,,100.0,,,
E,0 days 09:47:59.869790618,3151594,0,0.0,291.1,,300.0,,,
E,0 days 09:48:04.361898099,3174729,0,0.0,291.13,,300.0,,,
E,0 days 09:48:04.361898099,3174730,0,0.0,291.13,,100.0,,,
E,0 days 09:48:04.363830591,3174748,0,0.0,291.13,,100.0,,,
E,0 days 09:48:06.622741154,3179965,1,0.0,291.11,,100.0,,,
E,0 days 09:48:11.873974121,3191041,0,0.0,291.11,,200.0,,,
E,0 days 09:48:15.209219184,3198325,1,100.0,291.09,,100.0,,,
E,0 days 09:48:21.445216782,3210916,1,0.0,291.11,,100.0,,,
E,0 days 09:48:21.557427884,3211194,1,60.0,291.11,,40.0,,,
E,0 days 09:48:21.557427884,3211195,1,240.0,291.11,,60.0,,,
E,0 days 09:48:26.550352642,3219742,0,0.0,291.11,,300.0,,,
E,0 days 09:48:26.550352642,3219741,0,0.0,291.11,,100.0,,,
E,0 days 09:48:26.550940901,3219754,0,0.0,291.11,,200.0,,,
E,0 days 09:48:27.060037968,3220642,0,0.0,291.11,,100.0,,,
E,0 days 09:48:27.679387844,3221998,1,0.0,291.11,,200.0,,,
E,0 days 09:48:41.956312178,3237880,0,0.0,291.1,,100.0,,,
E,0 days 09:48:45.647058674,3261755,1,200.0,291.12,,100.0,,,
E,0 days 09:48:50.063133823,3272538,1,200.0,291.11,,100.0,,,
E,0 days 09:48:55.330645280,3286543,1,0.0,291.08,,200.0,,,
E,0 days 09:49:09.725776837,3330996,0,0.0,291.06,,200.0,,,
E,0 days 09:49:09.726376301,3331029,0,0.0,291.06,,200.0,,,
E,0 days 09:49:10.605285793,3333371,1,0.0,291.06,,100.0,,,
E,0 days 09:49:11.224794012,3332965,0,0.0,291.05,,100.0,,,
E,0 days 09:49:11.249042295,3325783,0,0.0,291.04,,100.0,,,
E,0 days 09:49:12.023893249,3338913,1,0.0,291.05,,100.0,,,
E,0 days 09:49:12.023893249,3339290,1,300.0,291.05,,2700.0,,,
E,0 days 09:49:12.023893249,3339393,1,100.0,291.05,,400.0,,,
E,0 days 09:49:12.023893249,3339290,1,200.0,291.05,,100.0,,,
E,0 days 09:49:12.023893249,3339393,1,36.0,291.05,,64.0,,,
E,0 days 09:49:12.957147320,3340510,0,0.0,291.05,,100.0,,,
E,0 days 09:49:19.700761894,3355215,0,0.0,291.04,,300.0,,,
E,0 days 09:49:22.975868614,3358652,0,0.0,291.04,,100.0,,,
E,0 days 09:49:25.152239126,3365288,0,0.0,291.04,,100.0,,,
E,0 days 09:49:27.944756959,3376816,1,0.0,291.02,,300.0,,,
E,0 days 09:49:28.115269306,3374695,0,0.0,291.01,,100.0,,,
E,0 days 09:49:28.115269306,3377556,0,0.0,291.01,,100.0,,,
E,0 days 09:49:29.409736531,3383982,1,200.0,290.98,,100.0,,,
E,0 days 09:49:31.665600102,3383832,1,2983.0,290.99,,17.0,,,
E,0 days 09:49:32.408486673,3391775,0,113.0,290.98,,87.0,,,
E,0 days 09:49:32.408536191,3391775,0,109.0,290.98,,4.0,,,
E,0 days 09:49:32.408560801,3391775,0,9.0,290.98,,100.0,,,
E,0 days 09:49:32.408595366,3391775,0,0.0,290.98,,9.0,,,
E,0 days 09:49:33.330513255,3383876,1,0.0,290.99,,500.0,,,
E,0 days 09:49:34.696691844,3403597,1,195.0,291.01,,5.0,,,
E,0 days 09:49:40.150403829,3417021,1,400.0,291.02,,100.0,,,
E,0 days 09:49:41.545350140,3417360,0,0.0,290.99,,300.0,,,
E,0 days 09:49:41.545350140,3405076,0,0.0,290.99,,100.0,,,
E,0 days 09:49:41.545350140,3417361,0,0.0,290.99,,100.0,,,
E,0 days 09:49:41.545481274,3421641,0,0.0,290.99,,300.0,,,
E,0 days 09:49:47.981575307,3436372,1,0.0,291.0,,100.0,,,
E,0 days 09:49:51.824015692,3432491,0,0.0,290.98,,100.0,,,
E,0 days 09:49:51.900774572,3428860,0,0.0,290.97,,100.0,,,
E,0 days 09:49:57.128953691,3456610,0,0.0,290.92,,300.0,,,
E,0 days 09:49:57.128953691,3450837,0,0.0,290.92,,100.0,,,
E,0 days 09:49:57.560785389,3463595,1,0.0,290.92,,100.0,,,
E,0 days 09:49:58.924961225,3463894,0,288.0,290.91,,12.0,,,
E,0 days 09:49:58.925027369,3467658,1,100.0,290.92,,200.0,,,
E,0 days 09:49:58.925027369,3467658,1,10.0,290.92,,90.0,,,
E,0 days 09:50:01.919884592,3469578,0,0.0,290.9,,100.0,,,
E,0 days 09:50:07.716660880,3500701,1,60.0,290.88,,40.0,,,
E,0 days 09:50:07.716660880,3500702,1,240.0,290.88,,60.0,,,
E,0 days 09:50:11.500677154,3504538,0,0.0,290.87,,10.0,,,
E,0 days 09:50:13.974696635,3515746,1,200.0,290.85,,100.0,,,
E,0 days 09:50:15.042628673,3516591,0,0.0,290.84,,100.0,,,
E,0 days 09:50:15.042628673,3516904,0,200.0,290.84,,300.0,,,
E,0 days 09:50:15.042628673,3516931,0,200.0,290.84,,300.0,,,
E,0 days 09:50:15.042628673,3516904,0,183.0,290.84,,17.0,,,
E,0 days 09:50:18.987206177,3530241,0,0.0,290.86,,100.0,,,
E,0 days 09:50:20.397889454,3535214,1,0.0,290.86,,100.0,,,
E,0 days 09:50:27.472095151,3546680,1,100.0,290.84,,200.0,,,
E,0 days 09:50:27.472698683,3546680,1,0.0,290.84,,100.0,,,
E,0 days 09:51:00.177654551,3611646,0,169.0,290.9,,31.0,,,
E,0 days 09:51:00.177698479,3611646,0,0.0,290.9,,169.0,,,
E,0 days 09:51:17.174140989,3639393,1,0.0,290.89,,100.0,,,
E,0 days 09:51:19.332689067,3615060,1,0.0,290.91,,100.0,,,
E,0 days 09:51:20.083453484,3665085,1,100.0,290.91,,100.0,,,
E,0 days 09:51:27.720987619,3683125,1,100.0,290.9,,100.0,,,
E,0 days 09:51:34.858232671,3688965,0,0.0,290.91,,100.0,,,
E,0 days 09:51:40.013360102,3707649,0,0.0,290.92,,100.0,,,
E,0 days 09:51:40.013360102,3708359,0,1400.0,290.92,,1600.0,,,
E,0 days 09:51:40.013360102,3708698,0,300.0,290.92,,200.0,,,
E,0 days 09:51:40.013360102,3708699,0,300.0,290.92,,200.0,,,
E,0 days 09:51:40.013360102,3708359,0,1300.0,290.92,,100.0,,,
E,0 days 09:51:40.013360102,3708698,0,200.0,290.92,,100.0,,,
E,0 days 09:51:55.217179802,3740031,1,0.0,290.89,,200.0,,,
E,0 days 09:51:55.217179802,3740032,1,1300.0,290.89,,1700.0,,,
E,0 days 09:51:58.000637683,3745448,0,0.0,290.88,,300.0,,,
E,0 days 09:52:00.135367327,3725109,1,0.0,290.91,,100.0,,,
E,0 days 09:52:02.319201067,3752024,0,0.0,290.91,,300.0,,,
E,0 days 09:52:06.830130223,3584228,0,165.0,290.87,,35.0,,,
E,0 days 09:52:06.830302870,3584228,0,136.0,290.87,,29.0,,,
E,0 days 09:52:06.830918365,3584228,0,0.0,290.87,,136.0,,,
E,0 days 09:52:12.208979813,3786503,0,0.0,290.83,,100.0,,,
E,0 days 09:52:12.601636045,3791365,0,0.0,290.82,,100.0,,,
E,0 days 09:52:13.970822115,3798598,0,0.0,290.81,,100.0,,,
E,0 days 09:52:13.970822115,3778849,0,0.0,290.8,,100.0,,,
E,0 days 09:52:14.132308473,3801982,1,0.0,290.8,,100.0,,,
E,0 days 09:52:17.914625567,3814284,0,0.0,290.84,,200.0,,,
E,0 days 09:52:24.732582247,3831919,0,0.0,290.86,,500.0,,,
E,0 days 09:52:24.732582247,3831920,0,0.0,290.86,,500.0,,,
E,0 days 09:52:33.362362867,3848610,0,0.0,290.87,,300.0,,,
E,0 days 09:52:33.362362867,3848608,0,0.0,290.87,,100.0,,,
E,0 days 09:52:33.381511293,3851957,0,0.0,290.87,,300.0,,,
E,0 days 09:52:33.381511293,3851956,0,0.0,290.87,,100.0,,,
E,0 days 09:52:33.406862884,3852031,0,0.0,290.87,,200.0,,,
E,0 days 09:52:35.033514315,3855139,0,0.0,290.88,,100.0,,,
E,0 days 09:52:35.034526962,3856534,0,0.0,290.88,,300.0,,,
E,0 days 09:52:53.004394039,3890729,0,0.0,290.89,,500.0,,,
E,0 days 09:52:53.004554166,3892563,0,100.0,290.89,,200.0,,,
E,0 days 09:52:55.528595081,3870693,0,0.0,290.87,,100.0,,,
E,0 days 09:52:55.528595081,3872717,0,0.0,290.87,,44.0,,,
E,0 days 09:52:59.465310983,3904779,1,200.0,290.85,,100.0,,,
E,0 days 09:53:00.016102599,3904713,1,0.0,290.86,,100.0,,,
E,0 days 09:53:02.047309735,3910825,0,400.0,290.87,,100.0,,,
E,0 days 09:53:02.047309735,3910825,0,300.0,290.87,,100.0,,,
E,0 days 09:53:02.047320367,3910825,0,296.0,290.87,,4.0,,,
E,0 days 09:53:02.047646522,3910825,0,0.0,290.87,,296.0,,,
E,0 days 09:53:05.535027579,3919598,1,0.0,290.89,,100.0,,,
E,0 days 09:53:16.244358999,3934557,0,0.0,290.89,,100.0,,,
E,0 days 09:53:16.607272006,3942081,1,0.0,290.88,,200.0,,,
E,0 days 09:53:27.786591331,3959859,0,0.0,290.87,,100.0,,,
E,0 days 09:53:34.667019757,3983597,1,0.0,290.86,,100.0,,,
E,0 days 09:53:43.308805068,3998144,1,0.0,290.85,,20.0,,,
E,0 days 09:53:55.848304393,4026293,1,0.0,290.84,,100.0,,,
E,0 days 09:54:08.483218945,4057414,0,0.0,290.86,,100.0,,,
E,0 days 09:54:13.737571584,4064747,0,0.0,290.86,,300.0,,,
E,0 days 09:54:24.164103290,4089745,1,400.0,290.87,,100.0,,,
E,0 days 09:54:24.164103290,4089745,1,398.0,290.87,,2.0,,,
E,0 days 09:54:33.153453447,4106106,1,0.0,290.92,,100.0,,,
E,0 days 09:54:35.420566852,4110437,0,123.0,290.91,,77.0,,,
E,0 days 09:54:38.424551368,4126679,0,0.0,290.9,,200.0,,,
E,0 days 09:54:45.483018988,4144783,0,295.0,290.89,,5.0,,,
E,0 days 09:54:45.483018988,4144948,0,2991.0,290.89,,9.0,,,
E,0 days 09:54:57.274127055,4169115,0,0.0,290.88,,100.0,,,
E,0 days 09:55:04.993121844,4177453,1,0.0,290.89,,100.0,,,
E,0 days 09:55:17.941528129,4213113,1,300.0,290.93,,100.0,,,
E,0 days 09:55:24.570546977,4224050,1,0.0,290.91,,100.0,,,
E,0 days 09:55:27.014056882,4229711,0,0.0,290.91,,100.0,,,
E,0 days 09:55:27.014056882,4229760,0,0.0,290.91,,100.0,,,
E,0 days 09:55:29.963783225,4243800,1,0.0,290.91,,200.0,,,
E,0 days 09:55:43.045960116,4270571,1,100.0,290.91,,100.0,,,
E,0 days 09:55:51.864699169,4286911,0,0.0,290.89,,100.0,,,
E,0 days 09:55:53.592629650,4292073,0,0.0,290.89,,100.0,,,
E,0 days 09:55:54.485459690,4292287,0,0.0,290.89,,100.0,,,
E,0 days 09:55:57.088747613,4299573,1,60.0,290.9,,40.0,,,
E,0 days 09:55:57.088747613,4299576,1,240.0,290.9,,60.0,,,
E,0 days 09:56:28.877634210,4358615,1,0.0,290.88,,200.0,,,
E,0 days 09:56:34.045253109,4369919,1,200.0,290.87,,100.0,,,
E,0 days 09:56:38.438687573,4381164,0,0.0,290.86,,100.0,,,
E,0 days 09:56:40.634589540,4381929,0,284.0,290.86,,16.0,,,
E,0 days 09:56:40.634601997,4381929,0,0.0,290.86,,284.0,,,
E,0 days 09:56:50.135066949,4410101,1,265.0,290.89,,35.0,,,
E,0 days 09:56:50.139952723,4410333,1,0.0,290.89,,300.0,,,
E,0 days 09:56:50.795809365,4412846,0,0.0,290.89,,20.0,,,
E,0 days 09:56:59.307128842,4418827,0,36.0,290.9,,64.0,,,
E,0 days 09:56:59.318211977,4418827,0,24.0,290.9,,12.0,,,
E,0 days 09:56:59.318271186,4418827,0,0.0,290.9,,24.0,,,
E,0 days 09:57:01.561518063,4436332,0,100.0,290.89,,200.0,,,
E,0 days 09:57:01.561518063,4436332,0,0.0,290.89,,100.0,,,
E,0 days 09:57:02.299827617,4441136,0,0.0,290.9,,300.0,,,
E,0 days 09:57:02.819667941,4442309,0,0.0,290.91,,200.0,,,
E,0 days 09:57:05.919800242,4441049,0,0.0,290.89,,100.0,,,
E,0 days 09:57:05.919800242,4436286,0,0.0,290.88,,200.0,,,
E,0 days 09:57:05.919800242,4442334,0,0.0,290.88,,100.0,,,
E,0 days 09:57:05.924856838,4419135,0,0.0,290.87,,100.0,,,
E,0 days 09:57:05.924856838,4437877,0,0.0,290.87,,100.0,,,
E,0 days 09:57:05.924856838,4442335,0,0.0,290.86,,200.0,,,
E,0 days 09:57:05.924856838,4409887,0,0.0,290.86,,100.0,,,
E,0 days 09:57:05.925340865,4415367,0,0.0,290.85,,200.0,,,
E,0 days 09:57:05.925340865,4408277,0,0.0,290.85,,100.0,,,
E,0 days 09:57:05.925340865,4445811,0,0.0,290.85,,100.0,,,
E,0 days 09:57:05.969458644,4453152,0,0.0,290.83,,100.0,,,
E,0 days 09:57:05.969458644,4453155,0,0.0,290.83,,100.0,,,
E,0 days 09:57:08.400043700,4461374,1,283.0,290.84,,17.0,,,
E,0 days 09:57:08.403824209,4461374,1,83.0,290.84,,200.0,,,
E,0 days 09:57:08.403824209,4461374,1,0.0,290.84,,83.0,,,
E,0 days 09:57:08.403824209,4461384,1,83.0,290.84,,17.0,,,
E,0 days 09:57:08.404409102,4461384,1,0.0,290.84,,83.0,,,
E,0 days 09:57:09.435247930,4468174,0,0.0,290.84,,300.0,,,
E,0 days 09:57:09.650869614,4469603,1,200.0,290.84,,100.0,,,
E,0 days 09:57:13.727973217,4475227,0,100.0,290.84,,100.0,,,
E,0 days 09:57:13.728051951,4475227,0,0.0,290.84,,100.0,,,
E,0 days 09:57:14.684774295,4475978,0,0.0,290.83,,100.0,,,
E,0 days 09:57:14.685205778,4460718,0,0.0,290.82,,10.0,,,
E,0 days 09:57:31.198640822,4512080,0,0.0,290.88,,300.0,,,
E,0 days 09:57:31.198640822,4512079,0,0.0,290.88,,100.0,,,
E,0 days 09:57:31.269374759,4512410,0,0.0,290.88,,20.0,,,
E,0 days 09:57:31.273943331,4502734,0,0.0,290.85,,100.0,,,
E,0 days 09:57:31.273943331,4512113,0,0.0,290.85,,100.0,,,
E,0 days 09:57:31.285062596,4514094,1,77.0,290.85,,23.0,,,
E,0 days 09:57:31.993186960,4516244,0,0.0,290.86,,100.0,,,
E,0 days 09:57:33.366454471,4517986,0,0.0,290.86,,100.0,,,
E,0 days 09:57:33.366454471,4517757,0,0.0,290.85,,300.0,,,
E,0 days 09:57:33.366454471,4517836,0,0.0,290.85,,100.0,,,
E,0 days 09:57:36.831278941,4528767,0,0.0,290.83,,200.0,,,
E,0 days 09:57:48.324746862,4550490,0,0.0,290.79,,100.0,,,
E,0 days 09:57:48.324746862,4546484,0,0.0,290.79,,55.0,,,
E,0 days 09:57:49.378172691,4551444,1,0.0,290.8,,100.0,,,
E,0 days 09:57:53.788753849,4559441,1,0.0,290.8,,100.0,,,
E,0 days 09:57:53.969793570,4561480,1,200.0,290.8,,100.0,,,
E,0 days 09:57:54.489124649,4562367,1,60.0,290.8,,40.0,,,
E,0 days 09:57:54.489124649,4562368,1,240.0,290.8,,60.0,,,
E,0 days 09:57:57.588513695,4569527,0,400.0,290.81,,100.0,,,
E,0 days 09:57:57.588513695,4569796,0,400.0,290.81,,100.0,,,
E,0 days 09:58:00.134842588,4573658,0,0.0,290.82,,100.0,,,
E,0 days 09:58:00.381962134,4578660,1,0.0,290.82,,100.0,,,
E,0 days 09:58:02.360581064,4582199,1,0.0,290.82,,100.0,,,
E,0 days 09:58:10.248838242,4600030,0,0.0,290.84,,14.0,,,
E,0 days 09:58:14.785462236,4607945,0,322.0,290.85,,78.0,,,
E,0 days 09:58:16.867579723,4607945,0,0.0,290.85,,322.0,,,
E,0 days 09:58:26.512699253,4630845,0,0.0,290.86,,200.0,,,
E,0 days 09:58:28.894591527,4636395,0,0.0,290.87,,300.0,,,
E,0 days 09:58:28.894591527,4637228,0,0.0,290.87,,100.0,,,
E,0 days 09:58:54.518259615,4682276,1,160.0,290.87,,40.0,,,
E,0 days 09:58:54.518285157,4682276,1,145.0,290.87,,15.0,,,
E,0 days 09:58:54.518429897,4681325,1,1000.0,290.88,,2000.0,,,
E,0 days 09:58:54.518429897,4680240,1,100.0,290.88,,200.0,,,
E,0 days 09:58:54.518429897,4681325,1,900.0,290.88,,100.0,,,
E,0 days 09:58:54.518429897,4680240,1,0.0,290.88,,100.0,,,
E,0 days 09:58:54.519427793,4681325,1,800.0,290.88,,100.0,,,
E,0 days 09:58:54.519427793,4681325,1,745.0,290.88,,55.0,,,
E,0 days 09:58:54.519468273,4681325,1,445.0,290.88,,300.0,,,
E,0 days 09:58:54.519468273,4681325,1,345.0,290.88,,100.0,,,
E,0 days 09:58:54.519509259,4681325,1,245.0,290.88,,100.0,,,
E,0 days 09:58:54.519540411,4681325,1,145.0,290.88,,100.0,,,
E,0 days 09:58:54.519540411,4681325,1,45.0,290.88,,100.0,,,
E,0 days 09:58:54.519540411,4680213,1,0.0,290.88,,100.0,,,
E,0 days 09:58:54.519574363,4681336,1,0.0,290.88,,100.0,,,
E,0 days 09:58:54.519574363,4681325,1,0.0,290.88,,45.0,,,
E,0 days 09:59:02.385192449,4692418,0,0.0,290.87,,200.0,,,
E,0 days 09:59:02.385992300,4698658,1,100.0,290.87,,100.0,,,
E,0 days 09:59:02.418116875,4698888,0,0.0,290.86,,100.0,,,
E,0 days 09:59:03.154081133,4700160,1,0.0,290.87,,100.0,,,
E,0 days 09:59:03.154905879,4700688,1,0.0,290.87,,100.0,,,
E,0 days 09:59:06.046066293,4701653,0,0.0,290.87,,200.0,,,
E,0 days 09:59:06.050482861,4705998,1,100.0,290.87,,100.0,,,
E,0 days 09:59:10.416218249,4714740,1,0.0,290.87,,200.0,,,
E,0 days 09:59:24.714394074,4734719,0,0.0,290.88,,10.0,,,
E,0 days 09:59:26.905925181,4747586,0,50.0,290.86,,50.0,,,
E,0 days 09:59:32.217936343,4758361,1,84.0,290.88,,16.0,,,
E,0 days 09:59:32.217936343,4758362,1,276.0,290.88,,24.0,,,
E,0 days 09:59:32.737311165,4759132,1,0.0,290.88,,100.0,,,
E,0 days 09:59:33.643438621,4758721,0,2500.0,290.87,,500.0,,,
E,0 days 09:59:33.643438621,4758721,0,2400.0,290.87,,100.0,,,
E,0 days 09:59:42.124623576,4775358,0,0.0,290.86,,300.0,,,
E,0 days 09:59:42.124921701,4775454,0,0.0,290.86,,300.0,,,
E,0 days 09:59:42.124921701,4775449,0,0.0,290.86,,100.0,,,
E,0 days 09:59:47.100944768,4785694,0,0.0,290.88,,200.0,,,
E,0 days 09:59:47.101312817,4785702,0,0.0,290.88,,200.0,,,
E,0 days 09:59:56.643527560,4803908,0,0.0,290.9,,100.0,,,
E,0 days 09:59:59.358923190,4807003,0,1.0,290.9,,99.0,,,
E,0 days 09:59:59.358951259,4807003,0,0.0,290.9,,1.0,,,
E,0 days 09:59:59.359654073,4812973,1,100.0,290.9,,100.0,,,
E,0 days 09:59:59.499335285,4814588,1,0.0,290.89,,100.0,,,
E,0 days 10:00:14.967162660,4871090,1,0.0,290.93,,3000.0,,,
E,0 days 10:00:14.967162660,4862379,1,0.0,290.93,,300.0,,,
E,0 days 10:00:14.967162660,4840694,1,0.0,290.93,,100.0,,,
E,0 days 10:00:14.967162660,4861787,1,0.0,290.93,,100.0,,,
E,0 days 10:00:14.967621616,4871510,1,0.0,290.93,,300.0,,,
E,0 days 10:00:14.967621616,4871511,1,0.0,290.93,,100.0,,,
E,0 days 10:00:14.986889677,4870342,1,900.0,290.94,,2100.0,,,
E,0 days 10:00:14.986889677,4871540,1,100.0,290.94,,200.0,,,
E,0 days 10:00:14.986889677,4870342,1,800.0,290.94,,100.0,,,
E,0 days 10:00:14.986889677,4871540,1,0.0,290.94,,100.0,,,
E,0 days 10:00:14.986889677,4844003,1,0.0,290.94,,100.0,,,
E,0 days 10:00:14.988699022,4870342,1,0.0,290.94,,800.0,,,
E,0 days 10:00:14.988699022,4867906,1,0.0,290.94,,100.0,,,
E,0 days 10:00:14.988699022,4871530,1,0.0,290.94,,100.0,,,
E,0 days 10:00:14.988699022,4871656,1,0.0,290.94,,100.0,,,
E,0 days 10:00:21.711524974,4889042,0,0.0,290.92,,100.0,,,
E,0 days 10:00:39.579896630,4934145,0,200.0,290.95,,100.0,,,
E,0 days 10:00:42.546098316,4932650,0,0.0,290.94,,100.0,,,
E,0 days 10:00:42.546098316,4932653,0,0.0,290.94,,100.0,,,
E,0 days 10:00:44.590554525,4944525,0,0.0,290.95,,300.0,,,
E,0 days 10:00:44.596021140,4944635,0,200.0,290.95,,100.0,,,
E,0 days 10:00:44.598167519,4944635,0,100.0,290.95,,100.0,,,
E,0 days 10:00:44.663142606,4944635,0,0.0,290.95,,100.0,,,
E,0 days 10:00:44.709905237,4944849,0,0.0,290.95,,100.0,,,
E,0 days 10:00:46.396868998,4947857,0,0.0,290.95,,200.0,,,
E,0 days 10:00:48.298816303,4951980,1,0.0,290.96,,100.0,,,
E,0 days 10:00:52.916058773,4921723,1,57.0,290.97,,43.0,,,
E,0 days 10:00:55.332492307,4966885,0,0.0,290.98,,100.0,,,
E,0 days 10:00:56.491387775,4971644,1,0.0,291.0,,100.0,,,
E,0 days 10:01:13.577108996,5001856,0,0.0,291.01,,100.0,,,
E,0 days 10:01:18.277207389,4971677,1,0.0,291.02,,100.0,,,
E,0 days 10:01:18.277605567,5011856,1,0.0,291.02,,300.0,,,
E,0 days 10:01:18.277605567,5011857,1,0.0,291.02,,100.0,,,
E,0 days 10:01:26.628812852,5011665,0,0.0,291.01,,100.0,,,
E,0 days 10:01:26.628812852,5026754,0,0.0,291.01,,100.0,,,
E,0 days 10:01:26.650926049,4989368,0,0.0,291.0,,100.0,,,
E,0 days 10:01:26.650926049,4993221,0,0.0,291.0,,23.0,,,
E,0 days 10:01:28.007716475,5032013,1,0.0,291.01,,100.0,,,
E,0 days 10:01:32.480875588,5043949,1,0.0,291.0,,100.0,,,
E,0 days 10:01:37.415519254,5048898,1,0.0,291.01,,100.0,,,
E,0 days 10:01:37.415674460,5051948,1,0.0,291.01,,300.0,,,
E,0 days 10:01:45.717773045,5065193,0,0.0,291.03,,300.0,,,
E,0 days 10:01:45.717773045,5065194,0,0.0,291.03,,200.0,,,
E,0 days 10:01:45.717773045,5065195,0,0.0,291.03,,100.0,,,
E,0 days 10:01:45.718032262,5065216,0,0.0,291.03,,200.0,,,
E,0 days 10:01:45.718301865,5065226,0,0.0,291.03,,200.0,,,
E,0 days 10:01:45.718395765,5065237,0,0.0,291.03,,200.0,,,
E,0 days 10:01:45.718532851,5065242,0,0.0,291.03,,200.0,,,
E,0 days 10:01:46.242612059,5065896,0,0.0,291.03,,300.0,,,
E,0 days 10:01:49.108908668,5070125,0,0.0,291.03,,100.0,,,
E,0 days 10:01:51.400103239,5070982,0,0.0,291.03,,100.0,,,
E,0 days 10:01:54.334053312,5078943,1,0.0,291.05,,100.0,,,
E,0 days 10:02:10.219108363,5095569,1,0.0,291.03,,100.0,,,
E,0 days 10:02:13.231790881,5113325,0,0.0,291.02,,100.0,,,
E,0 days 10:02:13.232566833,5114913,1,0.0,291.02,,200.0,,,
E,0 days 10:02:15.043545729,5114213,1,0.0,291.03,,100.0,,,
E,0 days 10:02:37.487044439,5157841,0,0.0,291.03,,100.0,,,
E,0 days 10:02:39.957309072,5135315,1,199.0,291.04,,1.0,,,
E,0 days 10:02:39.958278567,5160011,1,0.0,291.04,,100.0,,,
E,0 days 10:02:44.638477183,5173888,1,0.0,291.07,,100.0,,,
E,0 days 10:02:59.188195457,5203423,0,112.0,291.07,,88.0,,,
E,0 days 10:03:02.116363206,5205764,0,0.0,291.07,,100.0,,,
E,0 days 10:03:11.469533494,5216701,0,0.0,291.04,,100.0,,,
E,0 days 10:03:13.331284206,5227915,0,0.0,291.03,,500.0,,,
E,0 days 10:03:13.331284206,5227918,0,0.0,291.03,,500.0,,,
E,0 days 10:03:13.331284206,5214489,0,0.0,291.03,,100.0,,,
E,0 days 10:03:21.816592570,5240419,0,0.0,291.02,,100.0,,,
E,0 days 10:03:33.257255464,5261696,0,0.0,291.03,,100.0,,,
E,0 days 10:03:33.706010587,5262769,0,500.0,291.03,,2500.0,,,
E,0 days 10:03:33.706010587,5262769,0,400.0,291.03,,100.0,,,
E,0 days 10:03:42.370185526,5281781,0,0.0,291.02,,100.0,,,
E,0 days 10:03:42.708937081,5282323,1,0.0,291.02,,100.0,,,
E,0 days 10:03:42.720089216,5282254,1,1700.0,291.03,,1300.0,,,
E,0 days 10:03:42.720089216,5282736,1,200.0,291.03,,100.0,,,
E,0 days 10:03:42.720089216,5282254,1,1600.0,291.03,,100.0,,,
E,0 days 10:03:42.720089216,5282736,1,100.0,291.03,,100.0,,,
E,0 days 10:03:43.681650977,5285777,1,0.0,291.01,,100.0,,,
E,0 days 10:03:45.244397230,5289413,1,0.0,291.01,,3000.0,,,
E,0 days 10:03:45.244397230,5288881,1,0.0,291.01,,500.0,,,
E,0 days 10:03:45.244397230,5288740,1,0.0,291.01,,200.0,,,
E,0 days 10:03:45.981134672,5290742,1,0.0,291.01,,100.0,,,
E,0 days 10:03:46.076100894,5290688,1,0.0,291.02,,100.0,,,
E,0 days 10:03:50.254830731,5292463,0,100.0,291.01,,300.0,,,
E,0 days 10:03:50.675107097,5301053,0,96.0,291.01,,4.0,,,
E,0 days 10:03:50.676898474,5301053,0,0.0,291.01,,96.0,,,
E,0 days 10:03:53.010312400,5306433,0,0.0,290.99,,100.0,,,
E,0 days 10:03:59.559520943,5324495,1,0.0,290.98,,200.0,,,
E,0 days 10:04:07.397828659,5346833,0,2100.0,290.92,,900.0,,,
E,0 days 10:04:07.397828659,5347734,0,300.0,290.92,,100.0,,,
E,0 days 10:04:07.397828659,5346833,0,2000.0,290.92,,100.0,,,
E,0 days 10:04:07.397828659,5347734,0,294.0,290.92,,6.0,,,
E,0 days 10:04:07.400352491,5346833,0,100.0,290.92,,1900.0,,,
E,0 days 10:04:07.400352491,5347734,0,94.0,290.92,,200.0,,,
E,0 days 10:04:07.400352491,5346833,0,0.0,290.92,,100.0,,,
E,0 days 10:04:07.400352491,5347734,0,0.0,290.92,,94.0,,,
E,0 days 10:04:07.400352491,5311354,0,0.0,290.92,,100.0,,,
E,0 days 10:04:07.400352491,5346792,0,69.0,290.92,,31.0,,,
E,0 days 10:04:11.552238505,5360070,0,0.0,290.94,,300.0,,,
E,0 days 10:04:25.529936921,5386907,0,0.0,290.96,,400.0,,,
E,0 days 10:04:25.529936921,5386906,0,0.0,290.96,,100.0,,,
E,0 days 10:04:25.529936921,5386910,0,0.0,290.96,,100.0,,,
E,0 days 10:04:26.282662107,5388314,0,0.0,290.96,,100.0,,,
E,0 days 10:04:29.298711748,5393490,0,0.0,290.96,,200.0,,,
E,0 days 10:04:34.994315189,5408139,1,0.0,291.0,,100.0,,,
E,0 days 10:04:35.716776790,5409365,0,0.0,291.0,,100.0,,,
E,0 days 10:04:35.730885442,5409595,1,0.0,291.0,,200.0,,,
E,0 days 10:04:37.002684966,5412425,1,0.0,291.02,,400.0,,,
E,0 days 10:04:37.002684966,5412414,1,0.0,291.02,,100.0,,,
E,0 days 10:04:40.711566838,5423522,1,0.0,291.02,,200.0,,,
E,0 days 10:04:40.711566838,5423523,1,0.0,291.02,,200.0,,,
E,0 days 10:04:40.711710881,5423532,1,0.0,291.02,,200.0,,,
E,0 days 10:04:46.358678761,5440138,1,300.0,290.99,,100.0,,,
E,0 days 10:04:54.680923366,5455377,0,300.0,290.98,,100.0,,,
E,0 days 10:05:03.554986473,5473693,0,0.0,290.96,,100.0,,,
E,0 days 10:05:07.108457855,5473357,0,0.0,290.95,,400.0,,,
E,0 days 10:05:15.097595805,5492846,0,0.0,290.99,,100.0,,,
E,0 days 10:05:18.210326221,5503238,1,0.0,290.97,,100.0,,,
E,0 days 10:05:23.831441093,5512633,1,0.0,291.0,,100.0,,,
E,0 days 10:05:26.035613193,5518775,0,0.0,291.01,,100.0,,,
E,0 days 10:05:26.036635174,5519048,1,100.0,291.01,,100.0,,,
E,0 days 10:05:44.753928642,5556231,1,0.0,291.08,,400.0,,,
E,0 days 10:05:44.754364472,5556238,1,0.0,291.08,,100.0,,,
E,0 days 10:05:45.165367640,5557201,1,300.0,291.08,,100.0,,,
E,0 days 10:05:48.076948957,5560518,0,0.0,291.08,,100.0,,,
E,0 days 10:05:50.987904665,5569357,0,0.0,291.06,,400.0,,,
E,0 days 10:05:50.987904665,5569356,0,0.0,291.06,,100.0,,,
E,0 days 10:05:58.529946289,5577780,0,0.0,291.05,,100.0,,,
E,0 days 10:06:11.092327665,5589814,1,283.0,291.06,,17.0,,,
E,0 days 10:06:11.094006358,5589814,1,83.0,291.06,,200.0,,,
E,0 days 10:06:11.094585382,5589814,1,0.0,291.06,,83.0,,,
E,0 days 10:06:20.132464347,5622200,0,0.0,291.08,,200.0,,,
E,0 days 10:06:20.132728853,5622239,0,0.0,291.08,,200.0,,,
E,0 days 10:06:20.132835097,5622250,0,0.0,291.08,,200.0,,,
E,0 days 10:06:23.110927560,5628683,0,0.0,291.08,,100.0,,,
E,0 days 10:06:26.204733791,5631737,0,100.0,291.08,,200.0,,,
E,0 days 10:06:26.204733791,5631737,0,0.0,291.08,,100.0,,,
E,0 days 10:06:27.388213489,5636871,1,200.0,291.08,,100.0,,,
E,0 days 10:06:29.687297969,5640318,1,0.0,291.08,,200.0,,,
E,0 days 10:06:29.687297969,5642630,1,0.0,291.08,,100.0,,,
E,0 days 10:06:31.486505756,5652270,0,0.0,291.08,,200.0,,,
E,0 days 10:06:41.000782355,5657434,1,183.0,291.08,,17.0,,,
E,0 days 10:06:41.001160696,5657434,1,0.0,291.08,,183.0,,,
E,0 days 10:06:45.944776014,5672480,1,283.0,291.09,,17.0,,,
E,0 days 10:06:47.107154812,5674018,0,0.0,291.08,,100.0,,,
E,0 days 10:06:51.638556176,5672480,1,83.0,291.09,,200.0,,,
E,0 days 10:06:51.638556176,5672480,1,37.0,291.09,,46.0,,,
E,0 days 10:06:51.638606685,5672480,1,20.0,291.09,,17.0,,,
E,0 days 10:06:51.639388209,5672480,1,0.0,291.09,,20.0,,,
E,0 days 10:07:01.443450450,5705909,0,90.0,291.06,,10.0,,,
E,0 days 10:07:09.575012538,5721919,1,0.0,291.09,,500.0,,,
E,0 days 10:07:09.622119040,5722135,0,60.0,291.09,,40.0,,,
E,0 days 10:07:09.622119040,5722136,0,340.0,291.09,,60.0,,,
E,0 days 10:07:09.910791995,5723173,1,100.0,291.09,,100.0,,,
E,0 days 10:07:21.669586125,5749703,1,200.0,291.05,,100.0,,,
E,0 days 10:07:28.818090082,5760037,0,0.0,291.01,,3000.0,,,
E,0 days 10:07:28.818090082,5745053,0,0.0,291.01,,100.0,,,
E,0 days 10:07:28.818090082,5760233,0,0.0,291.01,,100.0,,,
E,0 days 10:07:28.819414161,5767758,0,0.0,291.01,,100.0,,,
E,0 days 10:07:28.819414161,5767763,0,100.0,291.01,,400.0,,,
E,0 days 10:07:28.819414161,5767765,0,100.0,291.01,,400.0,,,
E,0 days 10:07:28.819414161,5767763,0,0.0,291.01,,100.0,,,
E,0 days 10:07:28.819414161,5767765,0,0.0,291.01,,100.0,,,
E,0 days 10:07:30.023048698,5770913,0,0.0,291.01,,500.0,,,
E,0 days 10:07:30.023048698,5770914,0,0.0,291.01,,500.0,,,
E,0 days 10:07:30.023048698,5770904,0,0.0,291.01,,200.0,,,
E,0 days 10:07:30.184911690,5771549,0,0.0,291.01,,100.0,,,
E,0 days 10:07:30.687957369,5772609,0,0.0,291.01,,500.0,,,
E,0 days 10:07:30.687957369,5772610,0,0.0,291.01,,500.0,,,
E,0 days 10:07:30.687957369,5772604,0,0.0,291.01,,300.0,,,
E,0 days 10:07:32.855103558,5777421,0,0.0,291.01,,100.0,,,
E,0 days 10:07:32.856008990,5777427,0,0.0,291.01,,100.0,,,
E,0 days 10:07:32.856920670,5777434,0,0.0,291.01,,100.0,,,
E,0 days 10:07:33.847278990,5778993,0,0.0,291.01,,500.0,,,
E,0 days 10:07:33.847278990,5778994,0,0.0,291.01,,500.0,,,
E,0 days 10:07:33.848784685,5779059,0,0.0,291.01,,200.0,,,
E,0 days 10:07:33.850196665,5779098,0,0.0,291.01,,200.0,,,
E,0 days 10:07:33.851188479,5779135,0,0.0,291.01,,200.0,,,
E,0 days 10:07:33.851999145,5779150,0,0.0,291.01,,200.0,,,
E,0 days 10:07:33.887884204,5779375,0,0.0,291.01,,100.0,,,
E,0 days 10:07:33.899146450,5779438,0,0.0,291.01,,300.0,,,
E,0 days 10:07:34.146165107,5779784,0,0.0,291.01,,500.0,,,
E,0 days 10:07:34.146165107,5779786,0,0.0,291.01,,500.0,,,
E,0 days 10:07:34.146165107,5779783,0,0.0,291.01,,100.0,,,
E,0 days 10:07:34.452466651,5780245,0,0.0,291.01,,100.0,,,
E,0 days 10:07:36.717928946,5783354,0,0.0,291.01,,100.0,,,
E,0 days 10:07:36.725315251,5783528,0,0.0,291.01,,500.0,,,
E,0 days 10:07:36.725315251,5783529,0,0.0,291.01,,500.0,,,
E,0 days 10:07:37.794755400,5786274,0,0.0,291.01,,400.0,,,
E,0 days 10:07:37.794755400,5786273,0,0.0,291.01,,100.0,,,
E,0 days 10:07:37.795355186,5786290,0,0.0,291.01,,100.0,,,
E,0 days 10:07:37.796208100,5786305,0,0.0,291.01,,400.0,,,
E,0 days 10:07:37.796995188,5786324,0,0.0,291.01,,400.0,,,
E,0 days 10:07:44.092740236,5753121,1,0.0,291.05,,200.0,,,
E,0 days 10:07:48.423285950,5805570,0,0.0,291.05,,100.0,,,
E,0 days 10:07:52.033487893,5812832,1,0.0,291.04,,100.0,,,
E,0 days 10:08:02.032644887,5824165,0,0.0,291.05,,100.0,,,
E,0 days 10:08:03.987102485,5789489,0,0.0,291.02,,100.0,,,
E,0 days 10:08:04.141667690,5831921,1,0.0,291.03,,200.0,,,
E,0 days 10:08:08.264048972,5841036,0,0.0,291.02,,100.0,,,
E,0 days 10:08:08.264048972,5833377,0,0.0,291.01,,100.0,,,
E,0 days 10:08:12.121335106,5851551,0,0.0,291.0,,100.0,,,
E,0 days 10:08:18.090240979,5861127,0,200.0,291.0,,100.0,,,
E,0 days 10:08:18.090286213,5861127,0,0.0,291.0,,200.0,,,
E,0 days 10:08:18.099971785,5861223,0,200.0,291.0,,100.0,,,
E,0 days 10:08:18.100020425,5861223,0,0.0,291.0,,200.0,,,
E,0 days 10:08:18.383195900,5861745,0,260.0,291.0,,40.0,,,
E,0 days 10:08:18.383195900,5861750,0,2940.0,291.0,,60.0,,,
E,0 days 10:08:18.383235264,5861745,0,0.0,291.0,,260.0,,,
E,0 days 10:08:18.383235264,5861750,0,1040.0,291.0,,1900.0,,,
E,0 days 10:08:18.383235264,5861800,0,200.0,291.0,,300.0,,,
E,0 days 10:08:18.383235264,5861801,0,200.0,291.0,,300.0,,,
E,0 days 10:08:18.383235264,5861807,0,200.0,291.0,,300.0,,,
E,0 days 10:08:18.383235264,5861750,0,940.0,291.0,,100.0,,,
E,0 days 10:08:18.383235264,5861800,0,160.0,291.0,,40.0,,,
E,0 days 10:08:18.384724184,5861750,0,840.0,291.0,,100.0,,,
E,0 days 10:08:18.384761048,5861750,0,0.0,291.0,,840.0,,,
E,0 days 10:08:18.384761048,5861801,0,0.0,291.0,,200.0,,,
E,0 days 10:08:18.384761048,5861807,0,0.0,291.0,,200.0,,,
E,0 days 10:08:18.384761048,5861800,0,0.0,291.0,,160.0,,,
E,0 days 10:08:18.384761048,5861809,0,0.0,291.0,,100.0,,,
E,0 days 10:08:18.391420292,5862236,0,200.0,291.0,,100.0,,,
E,0 days 10:08:18.391457283,5862236,0,0.0,291.0,,200.0,,,
E,0 days 10:08:18.407279471,5862643,0,200.0,291.0,,100.0,,,
E,0 days 10:08:18.407317601,5862643,0,0.0,291.0,,200.0,,,
E,0 days 10:08:18.407358943,5862701,0,400.0,291.0,,100.0,,,
E,0 days 10:08:18.407390841,5862701,0,200.0,291.0,,200.0,,,
E,0 days 10:08:18.408229529,5862701,0,100.0,291.0,,100.0,,,
E,0 days 10:08:18.408272760,5862701,0,0.0,291.0,,100.0,,,
E,0 days 10:08:18.408387642,5862706,0,0.0,291.0,,100.0,,,
E,0 days 10:08:18.418012652,5862821,0,200.0,291.0,,100.0,,,
E,0 days 10:08:18.418048086,5862821,0,0.0,291.0,,200.0,,,
E,0 days 10:08:18.967342403,5864104,0,2900.0,291.0,,100.0,,,
E,0 days 10:08:18.967388772,5864104,0,2800.0,291.0,,100.0,,,
E,0 days 10:08:18.967421271,5864104,0,1000.0,291.0,,1800.0,,,
E,0 days 10:08:18.967455612,5864104,0,0.0,291.0,,1000.0,,,
E,0 days 10:08:25.129887920,5872647,0,400.0,291.0,,100.0,,,
E,0 days 10:08:25.129936936,5872647,0,0.0,291.0,,400.0,,,
E,0 days 10:08:25.132106311,5872777,0,200.0,291.0,,200.0,,,
E,0 days 10:08:25.132106311,5872777,0,151.0,291.0,,49.0,,,
E,0 days 10:08:33.216716518,5882981,0,0.0,291.04,,100.0,,,
E,0 days 10:08:39.356107763,5897456,0,0.0,291.03,,100.0,,,
E,0 days 10:08:42.315166921,5904810,0,0.0,291.01,,100.0,,,
E,0 days 10:08:42.547592715,5905967,0,400.0,290.99,,100.0,,,
E,0 days 10:08:42.547639487,5905967,0,200.0,290.99,,200.0,,,
E,0 days 10:08:42.547679916,5905967,0,0.0,290.99,,200.0,,,
E,0 days 10:08:51.930942821,5913557,0,0.0,291.0,,100.0,,,
E,0 days 10:09:08.388801101,5946404,0,0.0,290.99,,100.0,,,
E,0 days 10:09:08.390712488,5950702,0,0.0,290.99,,400.0,,,
E,0 days 10:09:24.957133856,5965403,0,0.0,290.99,,100.0,,,
E,0 days 10:09:36.269160092,6003094,0,0.0,290.96,,400.0,,,
E,0 days 10:09:36.269160092,6003095,0,0.0,290.96,,100.0,,,
E,0 days 10:09:36.271631255,6002582,0,1000.0,290.95,,2000.0,,,
E,0 days 10:09:36.271631255,6003309,0,200.0,290.95,,300.0,,,
E,0 days 10:09:36.271631255,6003310,0,200.0,290.95,,300.0,,,
E,0 days 10:09:36.271631255,6003311,0,200.0,290.95,,300.0,,,
E,0 days 10:09:36.271631255,6001267,0,100.0,290.95,,200.0,,,
E,0 days 10:09:36.271631255,6002582,0,900.0,290.95,,100.0,,,
E,0 days 10:09:36.271631255,6003309,0,100.0,290.95,,100.0,,,
E,0 days 10:09:36.271631255,6003310,0,100.0,290.95,,100.0,,,
E,0 days 10:09:36.288349656,6001267,0,0.0,290.95,,100.0,,,
E,0 days 10:09:36.289150154,6001072,0,0.0,290.94,,3000.0,,,
E,0 days 10:09:36.289150154,6003307,0,0.0,290.94,,400.0,,,
E,0 days 10:09:36.289150154,6002165,0,0.0,290.94,,100.0,,,
E,0 days 10:09:36.306246002,6003692,0,0.0,290.94,,300.0,,,
E,0 days 10:09:36.323550905,6003776,0,0.0,290.94,,300.0,,,
E,0 days 10:09:36.330768849,6003897,1,0.0,290.94,,200.0,,,
E,0 days 10:09:37.085493452,6003568,1,300.0,290.95,,100.0,,,
E,0 days 10:09:37.085595073,6003568,1,200.0,290.95,,100.0,,,
E,0 days 10:09:37.085595073,6003568,1,100.0,290.95,,100.0,,,
E,0 days 10:09:40.694912870,6010182,1,0.0,290.96,,100.0,,,
E,0 days 10:09:45.201440816,6014971,0,0.0,290.97,,100.0,,,
E,0 days 10:09:54.011256311,6026313,0,0.0,290.97,,200.0,,,
E,0 days 10:09:54.032995960,6031234,0,100.0,290.96,,300.0,,,
E,0 days 10:09:54.032995960,6031234,0,50.0,290.96,,50.0,,,
E,0 days 10:09:54.033168209,6031234,0,0.0,290.96,,50.0,,,
E,0 days 10:10:05.464906724,6040938,0,0.0,290.96,,100.0,,,
E,0 days 10:10:14.882176112,6049881,0,150.0,290.94,,50.0,,,
E,0 days 10:10:14.882224760,6049881,0,0.0,290.94,,150.0,,,
E,0 days 10:10:17.724982467,6065220,0,0.0,290.92,,100.0,,,
E,0 days 10:10:19.394913332,6071854,0,0.0,290.91,,100.0,,,
E,0 days 10:10:24.738468750,6081591,1,0.0,290.92,,200.0,,,
E,0 days 10:10:24.738468750,6081594,1,300.0,290.92,,200.0,,,
E,0 days 10:10:24.738468750,6082746,1,300.0,290.92,,200.0,,,
E,0 days 10:10:24.738468750,6081594,1,200.0,290.92,,100.0,,,
E,0 days 10:10:24.738468750,6082746,1,200.0,290.92,,100.0,,,
E,0 days 10:10:25.439954647,6082378,0,592.0,290.91,,8.0,,,
E,0 days 10:10:26.088358056,6082378,0,92.0,290.91,,500.0,,,
E,0 days 10:10:26.485943325,6082378,0,0.0,290.91,,92.0,,,
E,0 days 10:10:26.488096854,6075571,0,0.0,290.9,,3000.0,,,
E,0 days 10:10:26.488096854,6075259,0,0.0,290.9,,100.0,,,
E,0 days 10:10:26.488096854,6075443,0,0.0,290.9,,100.0,,,
E,0 days 10:10:26.488096854,6075457,0,0.0,290.9,,100.0,,,
E,0 days 10:10:26.492212738,6085489,1,0.0,290.91,,200.0,,,
E,0 days 10:10:31.719244377,6092473,0,0.0,290.93,,200.0,,,
E,0 days 10:10:32.568719766,6094624,0,0.0,290.93,,300.0,,,
E,0 days 10:10:32.568719766,6094629,0,0.0,290.93,,200.0,,,
E,0 days 10:10:34.520189023,6093469,0,0.0,290.92,,100.0,,,
E,0 days 10:10:34.520965290,6099688,1,60.0,290.92,,40.0,,,
E,0 days 10:10:34.520965290,6099726,1,440.0,290.92,,60.0,,,
E,0 days 10:10:49.231731822,6126620,0,0.0,290.93,,100.0,,,
E,0 days 10:10:54.080958222,6134689,0,0.0,290.94,,100.0,,,
E,0 days 10:10:54.085121379,6135225,1,0.0,290.94,,100.0,,,
E,0 days 10:11:07.808058070,6160468,0,0.0,290.89,,100.0,,,
E,0 days 10:11:07.808789283,6166777,1,20.0,290.89,,80.0,,,
E,0 days 10:11:07.808789283,6166778,1,100.0,290.89,,100.0,,,
E,0 days 10:11:07.808789283,6166778,1,80.0,290.89,,20.0,,,
E,0 days 10:11:15.693855533,6179275,1,0.0,290.9,,100.0,,,
E,0 days 10:11:15.693855533,6179285,1,0.0,290.9,,100.0,,,
E,0 days 10:11:22.601618842,6191996,0,198.0,290.92,,2.0,,,
E,0 days 10:11:48.855980285,6231471,1,400.0,290.91,,100.0,,,
E,0 days 10:11:48.877192388,6231917,1,0.0,290.91,,100.0,,,
E,0 days 10:11:49.894110170,6233809,1,0.0,290.91,,400.0,,,
E,0 days 10:11:49.894110170,6233811,1,0.0,290.91,,100.0,,,
E,0 days 10:11:54.690877906,6236254,0,0.0,290.89,,400.0,,,
E,0 days 10:12:29.245396720,6301224,0,0.0,290.9,,100.0,,,
E,0 days 10:12:30.570912544,6303451,0,0.0,290.91,,100.0,,,
E,0 days 10:12:46.919544604,6329153,0,81.0,290.91,,19.0,,,
E,0 days 10:12:46.919544604,6329155,0,171.0,290.91,,29.0,,,
E,0 days 10:12:50.839038683,6324679,0,0.0,290.9,,100.0,,,
E,0 days 10:12:56.413331597,6340873,1,0.0,290.9,,200.0,,,
E,0 days 10:12:56.413331597,6340874,1,0.0,290.9,,100.0,,,
E,0 days 10:13:04.571782273,6354910,0,0.0,290.91,,200.0,,,
E,0 days 10:13:04.571957110,6354917,0,0.0,290.91,,200.0,,,
E,0 days 10:13:26.516281610,6372082,1,0.0,290.94,,100.0,,,
E,0 days 10:13:38.217445161,6390191,0,0.0,290.95,,100.0,,,
E,0 days 10:13:48.029898821,6416699,0,0.0,290.95,,100.0,,,
E,0 days 10:13:48.032331785,6417113,0,200.0,290.95,,100.0,,,
E,0 days 10:13:48.038053699,6417113,0,100.0,290.95,,100.0,,,
E,0 days 10:13:51.399404944,6418787,0,0.0,290.95,,100.0,,,
E,0 days 10:13:56.199439304,6427920,0,0.0,290.96,,100.0,,,
E,0 days 10:13:56.655056101,6430023,1,0.0,290.96,,500.0,,,
E,0 days 10:13:56.655056101,6430024,1,0.0,290.96,,500.0,,,
E,0 days 10:13:56.655056101,6430038,1,0.0,290.96,,100.0,,,
E,0 days 10:14:23.977081322,6475488,0,0.0,291.03,,100.0,,,
E,0 days 10:14:24.221365874,6478210,0,0.0,291.03,,200.0,,,
E,0 days 10:14:26.899377266,6482196,0,0.0,291.02,,100.0,,,
E,0 days 10:15:03.929221689,6554274,1,0.0,291.06,,100.0,,,
E,0 days 10:15:10.468029479,6567532,1,100.0,291.09,,100.0,,,
E,0 days 10:15:10.469841893,6567532,1,69.0,291.09,,31.0,,,
E,0 days 10:15:10.474889079,6567532,1,44.0,291.09,,25.0,,,
E,0 days 10:15:10.482179669,6567532,1,24.0,291.09,,20.0,,,
E,0 days 10:15:10.486659012,6567532,1,7.0,291.09,,17.0,,,
E,0 days 10:15:10.491417382,6567532,1,0.0,291.09,,7.0,,,
E,0 days 10:15:16.589912900,6583046,1,0.0,291.1,,200.0,,,
E,0 days 10:15:32.284945478,6611607,1,71.0,291.09,,29.0,,,
E,0 days 10:15:38.523859137,6612626,0,0.0,291.09,,200.0,,,
E,0 days 10:15:38.523859137,6612630,0,0.0,291.09,,100.0,,,
E,0 days 10:15:39.129107221,6626470,0,0.0,291.08,,200.0,,,
E,0 days 10:15:39.129107221,6626475,0,0.0,291.08,,200.0,,,
E,0 days 10:15:39.129107221,6626467,0,0.0,291.08,,100.0,,,
E,0 days 10:15:40.951065437,6630535,0,0.0,291.08,,100.0,,,
E,0 days 10:15:41.179426471,6630883,0,0.0,291.07,,100.0,,,
E,0 days 10:15:51.037030795,6644097,0,400.0,291.06,,100.0,,,
E,0 days 10:15:51.037030795,6644097,0,300.0,291.06,,100.0,,,
E,0 days 10:16:09.419238992,6681301,0,0.0,291.08,,200.0,,,
E,0 days 10:16:09.419238992,6681299,0,0.0,291.08,,100.0,,,
E,0 days 10:16:09.419238992,6681300,0,0.0,291.08,,100.0,,,
E,0 days 10:16:09.419568170,6681320,0,0.0,291.08,,100.0,,,
E,0 days 10:16:15.144245470,6690581,0,0.0,291.08,,200.0,,,
E,0 days 10:16:15.144245470,6690578,0,0.0,291.08,,100.0,,,
E,0 days 10:16:15.144578641,6690587,0,0.0,291.08,,200.0,,,
E,0 days 10:16:15.284271912,6690840,0,0.0,291.08,,100.0,,,
E,0 days 10:16:15.284509885,6690853,0,0.0,291.08,,200.0,,,
E,0 days 10:16:33.843027959,6718367,1,66.0,291.07,,34.0,,,
E,0 days 10:16:54.853308935,6752141,1,0.0,291.1,,100.0,,,
E,0 days 10:16:54.853308935,6752143,1,0.0,291.1,,100.0,,,
E,0 days 10:16:54.853308935,6753268,1,0.0,291.1,,100.0,,,
E,0 days 10:17:02.253869441,6770454,0,0.0,291.09,,100.0,,,
E,0 days 10:17:12.211326668,6798660,1,0.0,291.08,,100.0,,,
E,0 days 10:17:16.458111241,6803965,1,0.0,291.08,,100.0,,,
E,0 days 10:17:16.585062398,6805532,0,0.0,291.08,,100.0,,,
E,0 days 10:17:17.149082164,6806264,0,0.0,291.08,,100.0,,,
E,0 days 10:17:21.044007995,6811589,0,0.0,291.08,,100.0,,,
E,0 days 10:17:22.947558742,6815863,0,0.0,291.08,,200.0,,,
E,0 days 10:17:22.948858365,6815886,0,0.0,291.08,,100.0,,,
E,0 days 10:17:44.261804773,6855856,0,0.0,291.11,,200.0,,,
E,0 days 10:17:44.261804773,6855855,0,0.0,291.11,,100.0,,,
E,0 days 10:17:44.275958233,6856059,0,0.0,291.11,,100.0,,,
E,0 days 10:17:44.415973681,6856555,0,0.0,291.11,,100.0,,,
E,0 days 10:17:44.671714546,6857167,0,0.0,291.11,,200.0,,,
E,0 days 10:17:44.671714546,6857165,0,0.0,291.11,,100.0,,,
E,0 days 10:17:44.671959600,6857193,0,0.0,291.11,,100.0,,,
E,0 days 10:17:54.352964854,6863583,0,9.0,291.12,,91.0,,,
E,0 days 10:17:54.352999255,6863583,0,0.0,291.12,,9.0,,,
E,0 days 10:17:57.822227433,6883902,0,0.0,291.11,,100.0,,,
E,0 days 10:18:08.936973475,6901221,0,0.0,291.11,,100.0,,,
E,0 days 10:18:28.176902760,6920368,1,1100.0,291.16,,1900.0,,,
E,0 days 10:18:28.176902760,6920368,1,1000.0,291.16,,100.0,,,
E,0 days 10:18:28.176902760,6823150,1,0.0,291.16,,100.0,,,
E,0 days 10:18:28.176902760,6920523,1,5.0,291.16,,95.0,,,
E,0 days 10:18:52.583915549,6980250,0,0.0,291.17,,100.0,,,
E,0 days 10:18:53.388827155,6985124,0,0.0,291.16,,100.0,,,
E,0 days 10:18:57.976371464,6998482,1,1.0,291.16,,99.0,,,
E,0 days 10:18:57.977029967,6998482,1,0.0,291.16,,1.0,,,
E,0 days 10:19:13.452432212,7034399,1,0.0,291.16,,200.0,,,
E,0 days 10:19:13.452432212,7034512,1,0.0,291.16,,100.0,,,
E,0 days 10:19:13.859416229,7034688,0,0.0,291.15,,100.0,,,
E,0 days 10:19:19.733733803,7046309,1,40.0,291.17,,60.0,,,
E,0 days 10:19:19.734871867,7046309,1,0.0,291.17,,40.0,,,
E,0 days 10:19:21.795400756,7049950,0,0.0,291.17,,100.0,,,
E,0 days 10:19:21.795400756,7051530,0,0.0,291.17,,100.0,,,
E,0 days 10:19:28.782175309,7062869,1,0.0,291.18,,100.0,,,
E,0 days 10:19:28.995655366,7062864,1,0.0,291.19,,500.0,,,
E,0 days 10:19:28.995655366,7050359,1,0.0,291.19,,100.0,,,
E,0 days 10:19:31.529364668,7070304,1,0.0,291.21,,100.0,,,
E,0 days 10:19:31.529848704,7070759,0,0.0,291.21,,400.0,,,
E,0 days 10:19:31.529848704,7070752,0,0.0,291.21,,100.0,,,
E,0 days 10:19:31.530188860,7070787,0,0.0,291.21,,100.0,,,
E,0 days 10:19:44.485284923,7090807,0,0.0,291.21,,400.0,,,
E,0 days 10:19:49.556898387,7098373,1,430.0,291.21,,70.0,,,
E,0 days 10:19:51.940650483,7102420,1,0.0,291.22,,100.0,,,
E,0 days 10:20:05.289109514,7123682,0,0.0,291.22,,100.0,,,
E,0 days 10:20:05.289109514,7103211,0,0.0,291.21,,300.0,,,
E,0 days 10:20:05.289109514,7119833,0,0.0,291.21,,100.0,,,
E,0 days 10:20:05.289109514,7120493,0,0.0,291.21,,100.0,,,
E,0 days 10:20:05.289109514,7123394,0,0.0,291.21,,100.0,,,
E,0 days 10:20:05.707391158,7126322,1,0.0,291.21,,100.0,,,
E,0 days 10:20:06.310858634,7128268,1,0.0,291.21,,100.0,,,
E,0 days 10:20:06.310858634,7128440,1,0.0,291.21,,100.0,,,
E,0 days 10:20:13.098331162,7137674,0,0.0,291.23,,100.0,,,
E,0 days 10:20:13.098331162,7139744,0,0.0,291.23,,100.0,,,
E,0 days 10:20:13.098368345,7133956,0,0.0,291.22,,100.0,,,
E,0 days 10:20:13.098368345,7137356,0,0.0,291.22,,100.0,,,
E,0 days 10:20:18.185999486,7147175,0,0.0,291.22,,100.0,,,
E,0 days 10:20:50.037481861,7206850,0,0.0,291.19,,600.0,,,
E,0 days 10:20:50.037481861,7205746,0,0.0,291.19,,100.0,,,
E,0 days 10:20:56.065405746,7219941,0,0.0,291.18,,100.0,,,
E,0 days 10:20:56.417336000,7220558,1,0.0,291.18,,100.0,,,
E,0 days 10:21:01.642318583,7229100,0,0.0,291.17,,100.0,,,
E,0 days 10:21:08.361168376,7240806,0,0.0,291.18,,200.0,,,
E,0 days 10:21:08.361168376,7240807,0,0.0,291.18,,200.0,,,
E,0 days 10:21:08.361168376,7240805,0,0.0,291.18,,100.0,,,
E,0 days 10:21:08.362052339,7240819,0,84.0,291.18,,16.0,,,
E,0 days 10:21:10.213639236,7231738,0,0.0,291.16,,100.0,,,
E,0 days 10:21:10.214366479,7245287,0,0.0,291.16,,100.0,,,
E,0 days 10:21:10.215746446,7245452,0,0.0,291.16,,100.0,,,
E,0 days 10:21:10.215923132,7245465,0,0.0,291.16,,100.0,,,
E,0 days 10:21:49.102857308,7316091,1,0.0,291.13,,200.0,,,
E,0 days 10:21:49.102857308,7316090,1,0.0,291.13,,100.0,,,
E,0 days 10:22:00.137003405,7328352,0,46.0,291.13,,54.0,,,
E,0 days 10:22:03.310328428,7338009,0,12.0,291.15,,88.0,,,
E,0 days 10:22:03.420934761,7338009,0,0.0,291.15,,12.0,,,
E,0 days 10:22:09.211654184,7349692,1,0.0,291.14,,100.0,,,
E,0 days 10:22:11.919130882,7347924,0,61.0,291.13,,39.0,,,
E,0 days 10:22:13.487687654,7347924,0,0.0,291.13,,61.0,,,
E,0 days 10:22:16.384290755,7360799,1,0.0,291.13,,100.0,,,
E,0 days 10:22:24.135454585,7374187,1,302.0,291.12,,98.0,,,
E,0 days 10:22:24.189027533,7374187,1,202.0,291.12,,100.0,,,
E,0 days 10:22:24.189027533,7374187,1,102.0,291.12,,100.0,,,
E,0 days 10:22:46.763727592,7423849,1,193.0,291.1,,7.0,,,
E,0 days 10:22:53.038458858,7435752,0,0.0,291.1,,100.0,,,
E,0 days 10:22:53.038458858,7436195,0,0.0,291.1,,100.0,,,
E,0 days 10:22:59.828718079,7444324,1,0.0,291.1,,100.0,,,
E,0 days 10:23:34.300641745,7506507,0,0.0,291.13,,100.0,,,
E,0 days 10:23:34.300641745,7506516,0,23.0,291.13,,77.0,,,
E,0 days 10:23:34.300686024,7506516,0,0.0,291.13,,23.0,,,
E,0 days 10:23:36.090707131,7510421,1,60.0,291.12,,40.0,,,
E,0 days 10:23:36.090707131,7510424,1,240.0,291.12,,60.0,,,
E,0 days 10:23:37.885758517,7514392,1,193.0,291.11,,7.0,,,
E,0 days 10:23:37.885780148,7514392,1,0.0,291.11,,193.0,,,
E,0 days 10:24:05.067881995,7539929,0,0.0,291.1,,100.0,,,
E,0 days 10:24:05.107572906,7556108,0,94.0,291.09,,6.0,,,
E,0 days 10:24:05.107639456,7556108,0,0.0,291.09,,94.0,,,
E,0 days 10:24:13.491398408,7578006,0,0.0,291.12,,200.0,,,
E,0 days 10:24:19.989266994,7582356,1,0.0,291.11,,100.0,,,
E,0 days 10:24:42.797074746,7632166,0,0.0,291.07,,100.0,,,
E,0 days 10:25:03.843112040,7669426,0,0.0,291.08,,200.0,,,
E,0 days 10:25:03.843112040,7669422,0,0.0,291.08,,100.0,,,
E,0 days 10:25:24.509991373,7702236,0,95.0,291.08,,5.0,,,
E,0 days 10:25:24.510054497,7702236,0,0.0,291.08,,95.0,,,
E,0 days 10:25:28.241136177,7711308,0,0.0,291.08,,100.0,,,
E,0 days 10:25:28.241136177,7711597,0,0.0,291.08,,100.0,,,
E,0 days 10:25:46.373036412,7737105,0,0.0,291.07,,200.0,,,
E,0 days 10:25:46.373036412,7737106,0,0.0,291.07,,100.0,,,
E,0 days 10:26:02.816455861,7764279,0,0.0,291.05,,100.0,,,
E,0 days 10:26:02.843017675,7764481,0,0.0,291.05,,100.0,,,
E,0 days 10:26:19.421896022,7788464,1,0.0,291.08,,100.0,,,
E,0 days 10:26:38.190574629,7816181,1,0.0,291.1,,100.0,,,
E,0 days 10:27:03.168922679,7856828,1,0.0,291.08,,100.0,,,
E,0 days 10:27:29.967575672,7900127,1,0.0,291.1,,500.0,,,
E,0 days 10:27:29.967575672,7900109,1,0.0,291.1,,100.0,,,
E,0 days 10:27:34.224886353,7912077,1,0.0,291.1,,500.0,,,
E,0 days 10:27:34.224886353,7912078,1,0.0,291.1,,100.0,,,
E,0 days 10:27:34.224886353,7912442,1,0.0,291.1,,100.0,,,
E,0 days 10:27:34.227441773,7912534,1,0.0,291.1,,500.0,,,
E,0 days 10:27:37.021797010,7915137,0,0.0,291.1,,100.0,,,
E,0 days 10:27:37.021797010,7905749,0,0.0,291.09,,100.0,,,
E,0 days 10:27:37.022019834,7915928,0,0.0,291.09,,500.0,,,
E,0 days 10:27:37.022019834,7915910,0,0.0,291.09,,100.0,,,
E,0 days 10:27:37.022019834,7915932,0,0.0,291.09,,100.0,,,
E,0 days 10:27:37.022090812,7915955,0,0.0,291.09,,100.0,,,
E,0 days 10:27:38.355405854,7918740,1,0.0,291.09,,200.0,,,
E,0 days 10:27:41.546069448,7770796,0,0.0,291.06,,100.0,,,
E,0 days 10:27:57.776119120,7943630,0,0.0,291.06,,100.0,,,
E,0 days 10:28:38.077810574,8011185,1,0.0,291.06,,400.0,,,
E,0 days 10:28:38.077810574,8010321,1,0.0,291.06,,200.0,,,
E,0 days 10:28:38.077810574,8010322,1,0.0,291.06,,100.0,,,
E,0 days 10:28:38.077810574,8011017,1,0.0,291.06,,100.0,,,
E,0 days 10:28:38.094706252,8014418,0,0.0,291.06,,100.0,,,
E,0 days 10:28:38.104588486,8014671,0,0.0,291.06,,200.0,,,
E,0 days 10:28:38.104588486,8014669,0,0.0,291.06,,100.0,,,
E,0 days 10:28:38.109014619,8014679,1,0.0,291.07,,500.0,,,
E,0 days 10:28:38.109014619,8014682,1,0.0,291.07,,500.0,,,
E,0 days 10:28:38.109014619,8014676,1,0.0,291.07,,400.0,,,
E,0 days 10:28:38.109014619,7995954,1,0.0,291.07,,100.0,,,
E,0 days 10:28:38.109014619,8014677,1,0.0,291.07,,100.0,,,
E,0 days 10:28:38.109014619,8014680,1,0.0,291.07,,100.0,,,
E,0 days 10:28:38.109149461,8014735,0,0.0,291.06,,200.0,,,
E,0 days 10:28:38.109149461,8014731,0,0.0,291.06,,100.0,,,
E,0 days 10:28:38.109471389,8014741,0,0.0,291.06,,100.0,,,
E,0 days 10:28:38.112947120,8014755,1,100.0,291.07,,200.0,,,
E,0 days 10:28:38.112947120,8014755,1,0.0,291.07,,100.0,,,
E,0 days 10:28:38.118470533,8014883,1,0.0,291.07,,500.0,,,
E,0 days 10:28:38.118470533,8014880,1,0.0,291.07,,100.0,,,
E,0 days 10:28:38.118470533,8014882,1,0.0,291.07,,100.0,,,
E,0 days 10:28:38.127649047,8014950,1,0.0,291.07,,500.0,,,
E,0 days 10:28:38.127649047,8015080,1,0.0,291.07,,100.0,,,
E,0 days 10:28:38.136152078,7995302,1,0.0,291.08,,500.0,,,
E,0 days 10:28:38.136152078,8014884,1,0.0,291.08,,400.0,,,
E,0 days 10:28:38.136152078,7925537,1,0.0,291.08,,100.0,,,
E,0 days 10:28:38.136152078,7944161,1,0.0,291.08,,100.0,,,
E,0 days 10:28:38.136152078,8014716,1,0.0,291.08,,100.0,,,
E,0 days 10:28:38.136152078,8015145,1,0.0,291.08,,100.0,,,
E,0 days 10:28:38.136268932,8015263,0,0.0,291.07,,100.0,,,
E,0 days 10:28:38.136517742,8015275,0,0.0,291.07,,100.0,,,
E,0 days 10:28:38.136655665,8015282,0,0.0,291.07,,200.0,,,
E,0 days 10:28:38.137332158,8015308,0,0.0,291.07,,200.0,,,
E,0 days 10:28:38.139937119,8015377,1,400.0,291.08,,100.0,,,
E,0 days 10:28:38.142797469,8015377,1,300.0,291.08,,100.0,,,
E,0 days 10:28:38.142797469,8015377,1,200.0,291.08,,100.0,,,
E,0 days 10:28:38.144983478,8015377,1,100.0,291.08,,100.0,,,
E,0 days 10:28:38.144983478,8015377,1,0.0,291.08,,100.0,,,
E,0 days 10:28:38.144983478,8015272,1,0.0,291.08,,100.0,,,
E,0 days 10:28:38.154813526,8015383,1,0.0,291.08,,100.0,,,
E,0 days 10:28:38.154813526,8015617,1,0.0,291.08,,100.0,,,
E,0 days 10:28:38.175904627,8015296,1,0.0,291.09,,400.0,,,
E,0 days 10:28:38.175904627,7922141,1,0.0,291.09,,100.0,,,
E,0 days 10:28:38.175904627,7924969,1,0.0,291.09,,100.0,,,
E,0 days 10:28:38.175904627,8015294,1,0.0,291.09,,100.0,,,
E,0 days 10:28:38.178465360,8015925,1,100.0,291.09,,100.0,,,
E,0 days 10:28:38.178465360,8015925,1,0.0,291.09,,100.0,,,
E,0 days 10:28:38.184534033,8016027,1,0.0,291.09,,100.0,,,
E,0 days 10:28:38.191059199,8016193,1,0.0,291.09,,100.0,,,
E,0 days 10:28:38.194327799,8016290,1,0.0,291.09,,100.0,,,
E,0 days 10:28:38.197283222,8016319,1,0.0,291.09,,100.0,,,
E,0 days 10:28:44.637598668,8029438,0,0.0,291.07,,100.0,,,
E,0 days 10:28:53.751097880,8041684,0,0.0,291.08,,200.0,,,
E,0 days 10:28:53.751286435,8041693,0,0.0,291.08,,200.0,,,
E,0 days 10:28:55.001459761,8043356,0,0.0,291.08,,100.0,,,
E,0 days 10:29:04.612860145,8056199,0,0.0,291.08,,100.0,,,
E,0 days 10:29:04.646021148,8056269,0,0.0,291.08,,100.0,,,
E,0 days 10:29:17.297390988,8074716,0,0.0,291.06,,100.0,,,
E,0 days 10:29:25.418937396,8087630,1,300.0,291.08,,100.0,,,
E,0 days 10:29:26.049996340,8090154,0,0.0,291.07,,100.0,,,
E,0 days 10:29:26.049996340,8090920,0,0.0,291.07,,100.0,,,
E,0 days 10:29:41.307797243,8108577,0,0.0,291.05,,100.0,,,
E,0 days 10:29:42.417153971,8114876,0,0.0,291.05,,100.0,,,
E,0 days 10:30:10.870039137,8160900,0,0.0,291.09,,100.0,,,
E,0 days 10:30:10.882207272,8160974,0,0.0,291.09,,100.0,,,
E,0 days 10:30:30.231110843,8194831,1,0.0,291.1,,100.0,,,
E,0 days 10:30:47.487451053,8219082,0,100.0,291.06,,400.0,,,
E,0 days 10:30:47.487451053,8219116,0,100.0,291.06,,400.0,,,
E,0 days 10:30:47.487451053,8219082,0,0.0,291.06,,100.0,,,
E,0 days 10:30:47.517968394,8219610,1,0.0,291.06,,100.0,,,
E,0 days 10:31:00.653774722,8222215,1,0.0,291.06,,500.0,,,
E,0 days 10:31:00.653774722,8220815,1,0.0,291.06,,300.0,,,
E,0 days 10:31:07.905075849,8252783,0,0.0,291.03,,100.0,,,
E,0 days 10:31:12.992145091,8257876,0,0.0,291.01,,400.0,,,
E,0 days 10:31:12.992145091,8257855,0,0.0,291.01,,100.0,,,
E,0 days 10:31:12.995624252,7141168,0,0.0,291.0,,100.0,,,
E,0 days 10:31:17.944534159,8272680,0,0.0,290.97,,100.0,,,
E,0 days 10:31:18.014014245,8273057,0,0.0,290.96,,100.0,,,
E,0 days 10:31:18.796734738,8275707,0,0.0,290.95,,100.0,,,
E,0 days 10:31:27.690201655,8286871,0,0.0,290.94,,100.0,,,
E,0 days 10:31:27.690201655,8287274,0,0.0,290.94,,100.0,,,
E,0 days 10:31:27.690302756,8289925,0,0.0,290.94,,400.0,,,
E,0 days 10:31:27.690327280,8289927,0,0.0,290.94,,500.0,,,
E,0 days 10:31:58.530939257,8316949,0,0.0,290.94,,100.0,,,
E,0 days 10:31:58.530939257,8317379,0,400.0,290.94,,100.0,,,
E,0 days 10:31:58.530939257,8317582,0,426.0,290.94,,74.0,,,
E,0 days 10:31:58.535201989,8317582,0,0.0,290.94,,426.0,,,
E,0 days 10:31:58.535201989,8317379,0,0.0,290.94,,400.0,,,
E,0 days 10:31:58.535201989,8325549,0,0.0,290.94,,100.0,,,
E,0 days 10:31:58.535201989,8325567,0,0.0,290.94,,100.0,,,
E,0 days 10:32:37.759848528,8387984,0,0.0,290.92,,100.0,,,
E,0 days 10:32:48.236400016,8407649,0,0.0,290.98,,100.0,,,
E,0 days 10:32:48.357793140,8407946,0,0.0,290.98,,200.0,,,
E,0 days 10:32:48.362073761,8407976,0,0.0,290.98,,100.0,,,
E,0 days 10:32:48.367289506,8407997,0,0.0,290.98,,100.0,,,
E,0 days 10:32:50.999466455,8411190,0,0.0,290.99,,100.0,,,
E,0 days 10:32:50.999466455,8411531,0,2800.0,290.99,,200.0,,,
E,0 days 10:32:50.999466455,8411531,0,2713.0,290.99,,87.0,,,
E,0 days 10:32:54.456417975,8408483,1,0.0,291.01,,100.0,,,
E,0 days 10:32:56.422029099,8422313,0,0.0,291.01,,200.0,,,
E,0 days 10:33:03.740431207,8427062,0,0.0,291.02,,100.0,,,
E,0 days 10:33:30.398559137,8480088,0,43.0,291.05,,7.0,,,
E,0 days 10:33:40.295315508,8500632,0,64.0,291.1,,36.0,,,
E,0 days 10:33:40.295315508,8500644,0,344.0,291.1,,56.0,,,
E,0 days 10:33:41.600420442,8506136,1,56.0,291.12,,44.0,,,
E,0 days 10:33:41.600420442,8506137,1,134.0,291.12,,66.0,,,
E,0 days 10:33:46.508424250,8516834,0,0.0,291.13,,100.0,,,
E,0 days 10:33:46.544493501,8518214,1,0.0,291.14,,100.0,,,
E,0 days 10:33:58.941081588,8551038,0,0.0,291.19,,100.0,,,
E,0 days 10:34:01.638887284,8558643,0,0.0,291.2,,100.0,,,
E,0 days 10:34:02.843570895,8561446,1,0.0,291.2,,100.0,,,
E,0 days 10:34:06.292454415,8565898,0,0.0,291.2,,200.0,,,
E,0 days 10:34:06.292454415,8563982,0,0.0,291.2,,100.0,,,
E,0 days 10:34:13.141403934,8564903,1,0.0,291.21,,100.0,,,
E,0 days 10:34:13.141403934,8569217,1,0.0,291.21,,100.0,,,
E,0 days 10:34:13.142106295,8558982,1,44.0,291.22,,56.0,,,
E,0 days 10:34:20.515471037,8596744,1,44.0,291.22,,56.0,,,
E,0 days 10:34:20.515605425,8596744,1,1.0,291.22,,43.0,,,
E,0 days 10:34:20.515617425,8596744,1,0.0,291.22,,1.0,,,
E,0 days 10:35:01.503628524,8665332,0,0.0,291.26,,100.0,,,
E,0 days 10:35:01.503628524,8673329,0,0.0,291.26,,100.0,,,
E,0 days 10:35:05.882249997,8679617,0,0.0,291.25,,100.0,,,
E,0 days 10:35:28.110764212,8724086,0,0.0,291.28,,100.0,,,
E,0 days 10:35:31.109071084,8734274,1,0.0,291.28,,100.0,,,
E,0 days 10:35:35.532215006,8743744,1,0.0,291.31,,100.0,,,
E,0 days 10:35:36.048352091,8745295,1,88.0,291.32,,12.0,,,
E,0 days 10:35:36.090363966,8744546,0,53.0,291.31,,47.0,,,
E,0 days 10:35:41.623320838,8756561,0,28.0,291.32,,72.0,,,
E,0 days 10:35:42.321926981,8758639,1,0.0,291.33,,100.0,,,
E,0 days 10:35:42.355022540,8758831,1,0.0,291.33,,100.0,,,
E,0 days 10:35:44.393619701,8765758,1,0.0,291.32,,100.0,,,
E,0 days 10:35:48.929793888,8780897,1,0.0,291.34,,200.0,,,
E,0 days 10:35:48.929793888,8740354,1,0.0,291.35,,100.0,,,
E,0 days 10:35:48.929793888,8777967,1,0.0,291.35,,100.0,,,
E,0 days 10:35:52.028638201,8792099,1,0.0,291.36,,100.0,,,
E,0 days 10:35:57.928361682,8807202,0,0.0,291.35,,100.0,,,
E,0 days 10:35:57.928361682,8807293,0,0.0,291.35,,100.0,,,
E,0 days 10:36:08.536062676,8829601,0,0.0,291.3,,200.0,,,
E,0 days 10:36:13.594647256,8835526,1,0.0,291.31,,500.0,,,
E,0 days 10:36:13.594647256,8837457,1,0.0,291.31,,500.0,,,
E,0 days 10:36:13.594647256,8834586,1,0.0,291.31,,100.0,,,
E,0 days 10:36:13.594647256,8837262,1,0.0,291.31,,100.0,,,
E,0 days 10:36:13.594909448,8837488,1,397.0,291.31,,3.0,,,
E,0 days 10:36:13.594934093,8837488,1,0.0,291.31,,397.0,,,
E,0 days 10:36:13.607286232,8838350,0,0.0,291.31,,500.0,,,
E,0 days 10:36:13.607286232,8838346,0,0.0,291.31,,200.0,,,
E,0 days 10:36:13.607286232,8838345,0,0.0,291.31,,100.0,,,
E,0 days 10:36:13.623441546,8839275,1,200.0,291.31,,200.0,,,
E,0 days 10:36:13.623441546,8839275,1,110.0,291.31,,90.0,,,
E,0 days 10:36:16.693195126,8844344,1,0.0,291.31,,100.0,,,
E,0 days 10:37:04.207139965,8913955,0,0.0,291.3,,100.0,,,
E,0 days 10:37:04.207387883,8808793,0,0.0,291.29,,100.0,,,
E,0 days 10:37:04.878205968,8918898,1,0.0,291.29,,100.0,,,
E,0 days 10:37:04.878205968,8919022,1,0.0,291.29,,100.0,,,
E,0 days 10:37:04.878205968,8918407,1,200.0,291.3,,2800.0,,,
E,0 days 10:37:04.878205968,8918407,1,100.0,291.3,,100.0,,,
E,0 days 10:37:04.878205968,8915692,1,0.0,291.3,,100.0,,,
E,0 days 10:37:04.878205968,8918403,1,0.0,291.3,,100.0,,,
E,0 days 10:37:07.159048091,8921570,0,0.0,291.28,,100.0,,,
E,0 days 10:37:23.281870665,8950065,1,0.0,291.3,,3000.0,,,
E,0 days 10:37:23.281870665,8949766,1,0.0,291.3,,100.0,,,
E,0 days 10:37:23.684054217,8954915,0,0.0,291.29,,100.0,,,
E,0 days 10:37:23.684054217,8955313,0,0.0,291.29,,100.0,,,
E,0 days 10:37:25.826083891,8822852,0,0.0,291.26,,100.0,,,
E,0 days 10:37:25.826268522,8952800,0,0.0,291.25,,500.0,,,
E,0 days 10:37:25.826268522,8713921,0,0.0,291.25,,100.0,,,
E,0 days 10:37:25.826268522,8942356,0,0.0,291.25,,100.0,,,
E,0 days 10:37:25.826268522,8958421,0,0.0,291.25,,100.0,,,
E,0 days 10:37:25.989950564,8961560,1,0.0,291.25,,100.0,,,
E,0 days 10:37:30.584106943,8970537,0,0.0,291.26,,100.0,,,
E,0 days 10:37:30.584484557,8970570,0,0.0,291.26,,3000.0,,,
E,0 days 10:37:30.584484557,8970566,0,0.0,291.26,,100.0,,,
E,0 days 10:37:30.584839349,8970613,0,0.0,291.26,,100.0,,,
E,0 days 10:37:34.094080761,8959886,1,0.0,291.27,,100.0,,,
E,0 days 10:37:34.094080761,8970936,1,0.0,291.27,,100.0,,,
E,0 days 10:37:36.218533418,8975762,0,0.0,291.27,,3000.0,,,
E,0 days 10:37:36.218533418,8976744,0,0.0,291.27,,300.0,,,
E,0 days 10:37:36.218533418,8975005,0,0.0,291.27,,100.0,,,
E,0 days 10:37:36.218533418,8976612,0,0.0,291.27,,100.0,,,
E,0 days 10:37:36.235229824,8979255,0,0.0,291.27,,100.0,,,
E,0 days 10:37:36.236020997,8974578,0,0.0,291.26,,3000.0,,,
E,0 days 10:37:36.236020997,8979213,0,0.0,291.26,,300.0,,,
E,0 days 10:37:36.236020997,8974594,0,0.0,291.26,,100.0,,,
E,0 days 10:37:36.236020997,8979214,0,0.0,291.26,,100.0,,,
E,0 days 10:37:36.253528175,8979407,0,400.0,291.26,,100.0,,,
E,0 days 10:37:40.918394595,8979198,1,0.0,291.28,,100.0,,,
E,0 days 10:37:43.913885675,8988135,1,0.0,291.28,,100.0,,,
E,0 days 10:37:43.913885675,8988144,1,0.0,291.28,,100.0,,,
E,0 days 10:37:43.913885675,8988628,1,0.0,291.28,,100.0,,,
E,0 days 10:37:47.622562074,8989285,1,0.0,291.29,,100.0,,,
E,0 days 10:37:47.622562074,8992872,1,0.0,291.29,,100.0,,,
E,0 days 10:37:48.736851152,8994374,0,0.0,291.29,,200.0,,,
E,0 days 10:38:01.456512160,9013873,1,0.0,291.29,,100.0,,,
E,0 days 10:38:04.353121305,9020476,1,0.0,291.3,,200.0,,,
E,0 days 10:38:09.430648068,9021659,0,0.0,291.29,,100.0,,,
E,0 days 10:38:09.435958420,9027873,0,0.0,291.29,,100.0,,,
E,0 days 10:38:29.173976062,9054113,1,0.0,291.27,,100.0,,,
E,0 days 10:38:30.606357167,9056604,0,61.0,291.27,,39.0,,,
E,0 days 10:38:30.606728020,9056604,0,0.0,291.27,,61.0,,,
E,0 days 10:38:33.604518593,9062075,1,0.0,291.29,,100.0,,,
E,0 days 10:38:53.229298503,9086882,0,0.0,291.28,,200.0,,,
E,0 days 10:38:53.229298503,9086886,0,0.0,291.28,,100.0,,,
E,0 days 10:38:53.229491614,9086894,0,0.0,291.28,,100.0,,,
E,0 days 10:38:57.022802251,9091314,0,0.0,291.28,,100.0,,,
E,0 days 10:38:57.491952569,9091854,0,0.0,291.28,,100.0,,,
E,0 days 10:38:58.954010957,9093374,0,0.0,291.28,,200.0,,,
E,0 days 10:38:59.113793609,9093617,0,0.0,291.28,,100.0,,,
E,0 days 10:39:01.779529636,9098597,1,0.0,291.29,,100.0,,,
E,0 days 10:39:01.779529636,9098772,1,0.0,291.29,,100.0,,,
E,0 days 10:39:06.639875059,9109537,1,33.0,291.26,,67.0,,,
E,0 days 10:39:06.639875059,9109538,1,100.0,291.26,,100.0,,,
E,0 days 10:39:06.639875059,9109538,1,99.0,291.26,,1.0,,,
E,0 days 10:39:10.715413960,9118108,1,59.0,291.25,,41.0,,,
E,0 days 10:39:22.171926682,9136567,0,0.0,291.23,,100.0,,,
E,0 days 10:39:22.172242047,9136986,0,98.0,291.23,,2.0,,,
E,0 days 10:39:22.177206821,9135863,0,1100.0,291.22,,1900.0,,,
E,0 days 10:39:22.177206821,9135422,0,100.0,291.22,,100.0,,,
E,0 days 10:39:22.177206821,9135863,0,1000.0,291.22,,100.0,,,
E,0 days 10:39:22.177206821,9135422,0,0.0,291.22,,100.0,,,
E,0 days 10:39:22.177206821,9135456,0,44.0,291.22,,56.0,,,
E,0 days 10:39:24.758695521,9140310,1,0.0,291.23,,100.0,,,
E,0 days 10:39:36.876788582,9148257,0,93.0,291.25,,7.0,,,
E,0 days 10:39:37.086226670,9148257,0,0.0,291.25,,93.0,,,
E,0 days 10:40:13.076472622,9211390,1,80.0,291.25,,20.0,,,
E,0 days 10:40:13.076472622,9211391,1,270.0,291.25,,30.0,,,
E,0 days 10:40:21.013623512,9222292,1,100.0,291.27,,100.0,,,
E,0 days 10:40:21.013623512,9222292,1,71.0,291.27,,29.0,,,
E,0 days 10:40:49.786971998,9259307,0,0.0,291.28,,100.0,,,
E,0 days 10:40:57.538596573,9279020,1,50.0,291.29,,50.0,,,
E,0 days 10:41:10.351626353,9297575,1,0.0,291.29,,500.0,,,
E,0 days 10:41:10.351626353,9297807,1,0.0,291.29,,500.0,,,
E,0 days 10:41:10.351626353,9297532,1,0.0,291.29,,100.0,,,
E,0 days 10:41:10.351626353,9297702,1,0.0,291.29,,100.0,,,
E,0 days 10:41:10.351827989,9297868,1,0.0,291.29,,300.0,,,
E,0 days 10:41:10.351827989,9297877,1,0.0,291.29,,100.0,,,
E,0 days 10:41:10.351827989,9297878,1,0.0,291.29,,100.0,,,
E,0 days 10:41:30.473494825,9323800,1,162.0,291.26,,38.0,,,
E,0 days 10:41:30.473510331,9323800,1,0.0,291.26,,162.0,,,
E,0 days 10:41:37.026871196,9234626,0,0.0,291.24,,100.0,,,
E,0 days 10:41:38.165483838,9341965,1,100.0,291.25,,300.0,,,
E,0 days 10:41:38.165483838,9341965,1,0.0,291.25,,100.0,,,
E,0 days 10:41:44.897075270,9362791,1,0.0,291.21,,400.0,,,
E,0 days 10:41:44.897428623,9358963,1,0.0,291.22,,400.0,,,
E,0 days 10:41:44.897428623,9358933,1,0.0,291.22,,200.0,,,
E,0 days 10:41:44.897428623,9358946,1,0.0,291.22,,100.0,,,
E,0 days 10:41:44.897428623,9360865,1,0.0,291.22,,100.0,,,
E,0 days 10:41:44.931518498,9364028,1,0.0,291.23,,400.0,,,
E,0 days 10:41:49.037849967,9365401,1,0.0,291.23,,20.0,,,
E,0 days 10:41:49.038009232,9369443,0,114.0,291.23,,86.0,,,
E,0 days 10:41:49.637955713,9370391,0,0.0,291.22,,100.0,,,
E,0 days 10:42:02.487747000,9387970,1,56.0,291.21,,44.0,,,
E,0 days 10:42:06.082172326,9392658,1,0.0,291.23,,100.0,,,
E,0 days 10:42:27.714395443,9410204,0,0.0,291.22,,200.0,,,
E,0 days 10:42:51.401917964,9459759,0,0.0,291.21,,100.0,,,
E,0 days 10:43:02.438671636,9475017,1,0.0,291.22,,100.0,,,
E,0 days 10:43:06.196708582,9480155,0,0.0,291.22,,100.0,,,
E,0 days 10:43:17.892971728,9482515,0,0.0,291.22,,100.0,,,
E,0 days 10:43:17.892971728,9491324,0,0.0,291.22,,100.0,,,
E,0 days 10:43:17.892971728,9492975,0,0.0,291.22,,100.0,,,
E,0 days 10:43:22.733002298,9499063,0,0.0,291.22,,100.0,,,
E,0 days 10:43:42.109396191,9521989,0,0.0,291.21,,100.0,,,
E,0 days 10:43:42.111360266,9522009,1,0.0,291.21,,100.0,,,
E,0 days 10:43:46.555667073,9525700,0,100.0,291.21,,100.0,,,
E,0 days 10:43:52.384165743,9529524,0,0.0,291.2,,100.0,,,
E,0 days 10:44:01.780150752,9546706,0,0.0,291.17,,100.0,,,
E,0 days 10:44:02.048687260,9501229,0,0.0,291.15,,100.0,,,
E,0 days 10:44:02.048687260,9549388,0,0.0,291.15,,100.0,,,
E,0 days 10:44:11.974104596,9570427,0,0.0,291.16,,100.0,,,
E,0 days 10:44:11.974104596,9570429,0,0.0,291.16,,100.0,,,
E,0 days 10:44:11.974104596,9570827,0,0.0,291.16,,100.0,,,
E,0 days 10:44:11.999350507,9572330,0,0.0,291.15,,100.0,,,
E,0 days 10:44:25.000959595,9585913,1,0.0,291.15,,100.0,,,
E,0 days 10:44:36.686023646,9610579,0,0.0,291.18,,200.0,,,
E,0 days 10:44:36.833864556,9610747,0,0.0,291.18,,100.0,,,
E,0 days 10:44:40.068084394,9613374,1,44.0,291.19,,56.0,,,
E,0 days 10:44:41.065839591,9614423,1,0.0,291.19,,100.0,,,
E,0 days 10:44:54.729249297,9610924,0,66.0,291.18,,34.0,,,
E,0 days 10:44:54.903590244,9610924,0,0.0,291.18,,66.0,,,
E,0 days 10:44:56.827331454,9633515,0,0.0,291.18,,100.0,,,
E,0 days 10:45:06.889494934,9648686,1,83.0,291.14,,17.0,,,
E,0 days 10:45:28.533874284,9680898,0,0.0,291.18,,100.0,,,
E,0 days 10:45:31.095116627,9685381,1,0.0,291.18,,100.0,,,
E,0 days 10:45:46.418300711,9708241,0,0.0,291.19,,100.0,,,
E,0 days 10:45:48.236687738,9709859,0,0.0,291.19,,100.0,,,
E,0 days 10:45:51.929659900,9715861,1,450.0,291.17,,50.0,,,
E,0 days 10:45:56.101135014,9716844,0,0.0,291.14,,100.0,,,
E,0 days 10:45:59.903512812,9728727,0,0.0,291.13,,100.0,,,
E,0 days 10:45:59.996989191,9734338,0,0.0,291.12,,100.0,,,
E,0 days 10:46:00.180729119,9740542,0,0.0,291.09,,100.0,,,
E,0 days 10:46:00.181328047,9740633,0,0.0,291.09,,100.0,,,
E,0 days 10:46:00.183095433,9740754,0,0.0,291.09,,100.0,,,
E,0 days 10:46:00.184768429,9740832,0,0.0,291.09,,100.0,,,
E,0 days 10:46:00.199473560,9741156,1,498.0,291.09,,2.0,,,
E,0 days 10:46:00.199495483,9741156,1,298.0,291.09,,200.0,,,
E,0 days 10:46:01.549684467,9742666,1,0.0,291.12,,100.0,,,
E,0 days 10:46:20.015213215,9773520,0,0.0,291.16,,100.0,,,
E,0 days 10:46:26.404173469,9777499,0,0.0,291.16,,200.0,,,
E,0 days 10:46:36.443873608,9794838,1,0.0,291.16,,200.0,,,
E,0 days 10:47:05.364590706,9838241,0,0.0,291.21,,100.0,,,
E,0 days 10:47:08.062227941,9828262,0,0.0,291.19,,100.0,,,
E,0 days 10:47:08.062332299,9842528,0,0.0,291.19,,300.0,,,
E,0 days 10:47:08.084272618,9844738,0,79.0,291.18,,21.0,,,
E,0 days 10:47:23.665850270,9867187,0,0.0,291.22,,100.0,,,
E,0 days 10:47:37.692044651,9887731,0,0.0,291.23,,100.0,,,
E,0 days 10:47:53.852375222,9900600,0,100.0,291.25,,100.0,,,
E,0 days 10:47:53.852375222,9900600,0,8.0,291.25,,92.0,,,
E,0 days 10:47:53.852423375,9900600,0,0.0,291.25,,8.0,,,
E,0 days 10:48:01.999548931,9926321,1,0.0,291.23,,100.0,,,
E,0 days 10:48:20.248214790,9959942,1,69.0,291.29,,31.0,,,
E,0 days 10:48:22.444389990,9959942,1,0.0,291.29,,69.0,,,
E,0 days 10:48:22.444699694,9964383,0,0.0,291.29,,200.0,,,
E,0 days 10:48:22.445058197,9964406,0,0.0,291.29,,200.0,,,
E,0 days 10:48:23.320022664,9965996,1,100.0,291.31,,100.0,,,
E,0 days 10:48:31.824473296,9975736,0,0.0,291.29,,100.0,,,
E,0 days 10:48:33.819214244,9975521,0,80.0,291.28,,20.0,,,
E,0 days 10:49:04.479688809,10022192,0,0.0,291.33,,100.0,,,
E,0 days 10:49:26.151486980,9942813,0,2800.0,291.26,,200.0,,,
E,0 days 10:49:26.151486980,9942813,0,2711.0,291.26,,89.0,,,
E,0 days 10:49:33.546145147,10066437,1,0.0,291.29,,100.0,,,
E,0 days 10:49:43.976120887,10076266,0,0.0,291.28,,100.0,,,
E,0 days 10:50:04.904581471,10102378,0,0.0,291.26,,100.0,,,
E,0 days 10:50:08.782545404,10109293,0,0.0,291.27,,100.0,,,
E,0 days 10:50:10.832929904,10112729,1,0.0,291.27,,100.0,,,
E,0 days 10:50:13.260727225,10114722,1,0.0,291.28,,100.0,,,
E,0 days 10:50:47.614482346,10157217,0,0.0,291.26,,100.0,,,
E,0 days 10:51:07.234543731,10186338,1,0.0,291.29,,100.0,,,
E,0 days 10:51:17.555801235,10197857,0,0.0,291.3,,100.0,,,
E,0 days 10:51:23.658720755,10212349,1,0.0,291.28,,200.0,,,
E,0 days 10:52:33.831271149,10306992,1,173.0,291.25,,27.0,,,
E,0 days 10:53:14.037212885,10349876,0,1200.0,291.23,,1800.0,,,
E,0 days 10:53:14.037212885,10359044,0,200.0,291.23,,200.0,,,
E,0 days 10:53:14.037212885,10349876,0,1100.0,291.23,,100.0,,,
E,0 days 10:53:22.377455332,10369531,1,199.0,291.24,,1.0,,,
